%YAML 1.1
%TAG !u! tag:unity3d.com,2011:
--- !u!243 &-5478837635656967679
AudioMixerGroupController:
  m_ObjectHideFlags: 0
  m_CorrespondingSourceObject: {fileID: 0}
  m_PrefabInstance: {fileID: 0}
  m_PrefabAsset: {fileID: 0}
  m_Name: Music
  m_AudioMixer: {fileID: 24100000}
  m_GroupID: 1620b6004a8acc8409e5683eda35f260
  m_Children: []
  m_Volume: 872d4f5f00daf024da00cd4eb7d6af6f
  m_Pitch: 99f57a5666829ea4d8404ef04cef87f8
  m_Send: 00000000000000000000000000000000
  m_Effects:
  - {fileID: -1794643880851205558}
  - {fileID: -4927914710140823348}
  - {fileID: 7963350790835347394}
  m_UserColorIndex: 0
  m_Mute: 0
  m_Solo: 0
  m_BypassEffects: 0
--- !u!244 &-4927914710140823348
AudioMixerEffectController:
  m_ObjectHideFlags: 3
  m_CorrespondingSourceObject: {fileID: 0}
  m_PrefabInstance: {fileID: 0}
  m_PrefabAsset: {fileID: 0}
  m_Name: 
  m_EffectID: c6d43ecceab4c6043a08d655ec32c35d
  m_EffectName: Lowpass Simple
  m_MixLevel: 42e7c066999e2214ca9b9d6eab92dada
  m_Parameters:
  - m_ParameterName: Cutoff freq
    m_GUID: c55ca0994768fd24ea5c683a4646dc7a
  m_SendTarget: {fileID: 0}
  m_EnableWetMix: 0
  m_Bypass: 0
--- !u!244 &-2600699608778975925
AudioMixerEffectController:
  m_ObjectHideFlags: 3
  m_CorrespondingSourceObject: {fileID: 0}
  m_PrefabInstance: {fileID: 0}
  m_PrefabAsset: {fileID: 0}
  m_Name: 
  m_EffectID: 6c8d8dc4bbce83c488e6edbaf0cff85e
  m_EffectName: Attenuation
  m_MixLevel: c71df3fb1d6b71549be08cc6bedcea73
  m_Parameters: []
  m_SendTarget: {fileID: 0}
  m_EnableWetMix: 0
  m_Bypass: 0
--- !u!243 &-2209896960888566931
AudioMixerGroupController:
  m_ObjectHideFlags: 0
  m_CorrespondingSourceObject: {fileID: 0}
  m_PrefabInstance: {fileID: 0}
  m_PrefabAsset: {fileID: 0}
  m_Name: SoundEffects
  m_AudioMixer: {fileID: 24100000}
  m_GroupID: be8c5b76c43acaa489bdd63ac82691bb
  m_Children: []
  m_Volume: faa41385baef2a34c8c20210de4d64cf
  m_Pitch: 8e769522dde7a074caadf1cc50eb4166
  m_Send: 00000000000000000000000000000000
  m_Effects:
  - {fileID: -2600699608778975925}
  - {fileID: 2934908223068248768}
  m_UserColorIndex: 0
  m_Mute: 0
  m_Solo: 0
  m_BypassEffects: 0
--- !u!244 &-1794643880851205558
AudioMixerEffectController:
  m_ObjectHideFlags: 3
  m_CorrespondingSourceObject: {fileID: 0}
  m_PrefabInstance: {fileID: 0}
  m_PrefabAsset: {fileID: 0}
  m_Name: 
  m_EffectID: b06cd2616e789e34f9d652255cc7bc68
  m_EffectName: Attenuation
  m_MixLevel: 66676dcddbeba294ca95c4fac0386a64
  m_Parameters: []
  m_SendTarget: {fileID: 0}
  m_EnableWetMix: 0
  m_Bypass: 0
--- !u!241 &24100000
AudioMixerController:
  m_ObjectHideFlags: 0
  m_CorrespondingSourceObject: {fileID: 0}
  m_PrefabInstance: {fileID: 0}
  m_PrefabAsset: {fileID: 0}
  m_Name: MainMixer
  m_OutputGroup: {fileID: 0}
  m_MasterGroup: {fileID: 24300002}
  m_Snapshots:
  - {fileID: 24500006}
  m_StartSnapshot: {fileID: 24500006}
  m_SuspendThreshold: -80
  m_EnableSuspend: 1
  m_UpdateMode: 0
  m_ExposedParameters:
  - guid: 82d47dd4864f6fa4496155a84ea5496e
    name: MasterVolume
  - guid: 872d4f5f00daf024da00cd4eb7d6af6f
    name: MusicVolume
  - guid: faa41385baef2a34c8c20210de4d64cf
    name: FXSoundsVolume
  m_AudioMixerGroupViews:
  - guids:
    - 464a001217e483a49a71b34cd8c52ea1
    - 1620b6004a8acc8409e5683eda35f260
    - be8c5b76c43acaa489bdd63ac82691bb
    name: View
  m_CurrentViewIndex: 0
  m_TargetSnapshot: {fileID: 24500006}
--- !u!243 &24300002
AudioMixerGroupController:
  m_ObjectHideFlags: 0
  m_CorrespondingSourceObject: {fileID: 0}
  m_PrefabInstance: {fileID: 0}
  m_PrefabAsset: {fileID: 0}
  m_Name: Master
  m_AudioMixer: {fileID: 24100000}
  m_GroupID: 464a001217e483a49a71b34cd8c52ea1
  m_Children:
  - {fileID: -5478837635656967679}
  - {fileID: -2209896960888566931}
  m_Volume: 82d47dd4864f6fa4496155a84ea5496e
  m_Pitch: 2c948d111ef7180469fba737edb37be8
  m_Send: 00000000000000000000000000000000
  m_Effects:
  - {fileID: 24400004}
  m_UserColorIndex: 0
  m_Mute: 0
  m_Solo: 0
  m_BypassEffects: 0
--- !u!244 &24400004
AudioMixerEffectController:
  m_ObjectHideFlags: 3
  m_CorrespondingSourceObject: {fileID: 0}
  m_PrefabInstance: {fileID: 0}
  m_PrefabAsset: {fileID: 0}
  m_Name: 
  m_EffectID: a484d7a6392543d4596bd96423917b41
  m_EffectName: Attenuation
  m_MixLevel: 3d2e21bdb8cd2644c9f62a5de88bf542
  m_Parameters: []
  m_SendTarget: {fileID: 0}
  m_EnableWetMix: 0
  m_Bypass: 0
--- !u!245 &24500006
AudioMixerSnapshotController:
  m_ObjectHideFlags: 0
  m_CorrespondingSourceObject: {fileID: 0}
  m_PrefabInstance: {fileID: 0}
  m_PrefabAsset: {fileID: 0}
  m_Name: Snapshot
  m_AudioMixer: {fileID: 24100000}
  m_SnapshotID: b64fd67c51cbba049ae5771dc1a1ba25
  m_FloatValues:
    2540c034d9f70f5488ae483e5307feb8: -62
    65b82c05e98c6484b8b92aec0974146b: 0
    b701f6da6473f7543bf4ca9da6e6483f: 3.59
    728d0c6b9df58224488d4dafa2a1ebfb: 0.001
    26dec22c32b6704499965648b760c121: 0
    d87f57aecde236943904700541ff8783: 13
    29bbfa1f38e125b4ebf1e1cee25f9f63: 0.1
  m_TransitionOverrides: {}
--- !u!244 &2934908223068248768
AudioMixerEffectController:
  m_ObjectHideFlags: 3
  m_CorrespondingSourceObject: {fileID: 0}
  m_PrefabInstance: {fileID: 0}
  m_PrefabAsset: {fileID: 0}
  m_Name: 
  m_EffectID: f1e75a890c11dc44784032fc36341c8f
  m_EffectName: Send
  m_MixLevel: 65b82c05e98c6484b8b92aec0974146b
  m_Parameters: []
  m_SendTarget: {fileID: 7963350790835347394}
  m_EnableWetMix: 0
  m_Bypass: 0
--- !u!244 &7963350790835347394
AudioMixerEffectController:
  m_ObjectHideFlags: 3
  m_CorrespondingSourceObject: {fileID: 0}
  m_PrefabInstance: {fileID: 0}
  m_PrefabAsset: {fileID: 0}
  m_Name: 
  m_EffectID: 248b8bd7751c4b94fae0ae93753f5a7f
  m_EffectName: Duck Volume
  m_MixLevel: 746aa91a634e3fd43be2a2dd0f99af7f
  m_Parameters:
  - m_ParameterName: Threshold
    m_GUID: 2540c034d9f70f5488ae483e5307feb8
  - m_ParameterName: Ratio
    m_GUID: b701f6da6473f7543bf4ca9da6e6483f
  - m_ParameterName: Attack Time
    m_GUID: 728d0c6b9df58224488d4dafa2a1ebfb
  - m_ParameterName: Release Time
    m_GUID: 29bbfa1f38e125b4ebf1e1cee25f9f63
  - m_ParameterName: Make-up Gain
    m_GUID: 26dec22c32b6704499965648b760c121
  - m_ParameterName: Knee
    m_GUID: d87f57aecde236943904700541ff8783
  - m_ParameterName: Sidechain Mix
    m_GUID: 007d12daf4f496049ada4b8d2de4e365
  m_SendTarget: {fileID: 0}
  m_EnableWetMix: 0
  m_Bypass: 0
