%YAML 1.1
%TAG !u! tag:unity3d.com,2011:
--- !u!1 &259146352378932860
GameObject:
  m_ObjectHideFlags: 0
  m_CorrespondingSourceObject: {fileID: 0}
  m_PrefabInstance: {fileID: 0}
  m_PrefabAsset: {fileID: 0}
  serializedVersion: 6
  m_Component:
  - component: {fileID: 8427868924415013194}
  m_Layer: 0
  m_Name: AriesSymbol
  m_TagString: Untagged
  m_Icon: {fileID: 0}
  m_NavMeshLayer: 0
  m_StaticEditorFlags: 0
  m_IsActive: 1
--- !u!4 &8427868924415013194
Transform:
  m_ObjectHideFlags: 0
  m_CorrespondingSourceObject: {fileID: 0}
  m_PrefabInstance: {fileID: 0}
  m_PrefabAsset: {fileID: 0}
  m_GameObject: {fileID: 259146352378932860}
  m_LocalRotation: {x: 0, y: 0, z: 0, w: 1}
  m_LocalPosition: {x: 0, y: 0, z: 0}
  m_LocalScale: {x: 1, y: 1, z: 1}
  m_Children:
  - {fileID: 7640561589882470282}
  - {fileID: 8247584190973080661}
  - {fileID: 8247584189892644138}
  - {fileID: 8247584191237129780}
  - {fileID: 8247584189988254629}
  - {fileID: 8247584191392302674}
  - {fileID: 8247584190284238976}
  - {fileID: 8247584190149089899}
  - {fileID: 8247584191174761987}
  - {fileID: 8247584190274725396}
  - {fileID: 8247584191599142662}
  - {fileID: 8247584190677772199}
  - {fileID: 8247584191556041661}
  - {fileID: 8247584191004574139}
  - {fileID: 8247584191015595751}
  - {fileID: 8247584191538960261}
  - {fileID: 8247584190303604360}
  - {fileID: 8247584190819522176}
  - {fileID: 8247584191757641109}
  - {fileID: 8247584190862042711}
  - {fileID: 8247584190836016704}
  - {fileID: 1905713755539285490}
  m_Father: {fileID: 0}
  m_RootOrder: 0
  m_LocalEulerAnglesHint: {x: 0, y: 0, z: 0}
--- !u!1001 &397787613802201557
PrefabInstance:
  m_ObjectHideFlags: 0
  serializedVersion: 2
  m_Modification:
    m_TransformParent: {fileID: 8427868924415013194}
    m_Modifications:
    - target: {fileID: 1494242378997169821, guid: b4562fd92881cf045842035f52d17782,
        type: 3}
      propertyPath: m_Name
      value: Brick (21)
      objectReference: {fileID: 0}
    - target: {fileID: 2303394579267036199, guid: b4562fd92881cf045842035f52d17782,
        type: 3}
      propertyPath: m_LocalPosition.x
      value: 0
      objectReference: {fileID: 0}
    - target: {fileID: 2303394579267036199, guid: b4562fd92881cf045842035f52d17782,
        type: 3}
      propertyPath: m_LocalPosition.y
      value: -0.5
      objectReference: {fileID: 0}
    - target: {fileID: 2303394579267036199, guid: b4562fd92881cf045842035f52d17782,
        type: 3}
      propertyPath: m_LocalPosition.z
      value: 0
      objectReference: {fileID: 0}
    - target: {fileID: 2303394579267036199, guid: b4562fd92881cf045842035f52d17782,
        type: 3}
      propertyPath: m_LocalRotation.x
      value: -0
      objectReference: {fileID: 0}
    - target: {fileID: 2303394579267036199, guid: b4562fd92881cf045842035f52d17782,
        type: 3}
      propertyPath: m_LocalRotation.y
      value: -0
      objectReference: {fileID: 0}
    - target: {fileID: 2303394579267036199, guid: b4562fd92881cf045842035f52d17782,
        type: 3}
      propertyPath: m_LocalRotation.z
      value: -0
      objectReference: {fileID: 0}
    - target: {fileID: 2303394579267036199, guid: b4562fd92881cf045842035f52d17782,
        type: 3}
      propertyPath: m_LocalRotation.w
      value: 1
      objectReference: {fileID: 0}
    - target: {fileID: 2303394579267036199, guid: b4562fd92881cf045842035f52d17782,
        type: 3}
      propertyPath: m_RootOrder
      value: 21
      objectReference: {fileID: 0}
    - target: {fileID: 2303394579267036199, guid: b4562fd92881cf045842035f52d17782,
        type: 3}
      propertyPath: m_LocalEulerAnglesHint.x
      value: 0
      objectReference: {fileID: 0}
    - target: {fileID: 2303394579267036199, guid: b4562fd92881cf045842035f52d17782,
        type: 3}
      propertyPath: m_LocalEulerAnglesHint.y
      value: 0
      objectReference: {fileID: 0}
    - target: {fileID: 2303394579267036199, guid: b4562fd92881cf045842035f52d17782,
        type: 3}
      propertyPath: m_LocalEulerAnglesHint.z
      value: 0
      objectReference: {fileID: 0}
    m_RemovedComponents: []
  m_SourcePrefab: {fileID: 100100000, guid: b4562fd92881cf045842035f52d17782, type: 3}
--- !u!4 &1905713755539285490 stripped
Transform:
  m_CorrespondingSourceObject: {fileID: 2303394579267036199, guid: b4562fd92881cf045842035f52d17782,
    type: 3}
  m_PrefabInstance: {fileID: 397787613802201557}
  m_PrefabAsset: {fileID: 0}
--- !u!1001 &7890873025658274226
PrefabInstance:
  m_ObjectHideFlags: 0
  serializedVersion: 2
  m_Modification:
    m_TransformParent: {fileID: 8427868924415013194}
    m_Modifications:
    - target: {fileID: 1494242378997169821, guid: b4562fd92881cf045842035f52d17782,
        type: 3}
      propertyPath: m_Name
      value: Brick (18)
      objectReference: {fileID: 0}
    - target: {fileID: 2303394579267036199, guid: b4562fd92881cf045842035f52d17782,
        type: 3}
      propertyPath: m_LocalPosition.x
      value: 2.5
      objectReference: {fileID: 0}
    - target: {fileID: 2303394579267036199, guid: b4562fd92881cf045842035f52d17782,
        type: 3}
      propertyPath: m_LocalPosition.y
      value: 3.5
      objectReference: {fileID: 0}
    - target: {fileID: 2303394579267036199, guid: b4562fd92881cf045842035f52d17782,
        type: 3}
      propertyPath: m_LocalPosition.z
      value: 0
      objectReference: {fileID: 0}
    - target: {fileID: 2303394579267036199, guid: b4562fd92881cf045842035f52d17782,
        type: 3}
      propertyPath: m_LocalRotation.x
      value: -0
      objectReference: {fileID: 0}
    - target: {fileID: 2303394579267036199, guid: b4562fd92881cf045842035f52d17782,
        type: 3}
      propertyPath: m_LocalRotation.y
      value: -0
      objectReference: {fileID: 0}
    - target: {fileID: 2303394579267036199, guid: b4562fd92881cf045842035f52d17782,
        type: 3}
      propertyPath: m_LocalRotation.z
      value: -0
      objectReference: {fileID: 0}
    - target: {fileID: 2303394579267036199, guid: b4562fd92881cf045842035f52d17782,
        type: 3}
      propertyPath: m_LocalRotation.w
      value: 1
      objectReference: {fileID: 0}
    - target: {fileID: 2303394579267036199, guid: b4562fd92881cf045842035f52d17782,
        type: 3}
      propertyPath: m_RootOrder
      value: 18
      objectReference: {fileID: 0}
    - target: {fileID: 2303394579267036199, guid: b4562fd92881cf045842035f52d17782,
        type: 3}
      propertyPath: m_LocalEulerAnglesHint.x
      value: 0
      objectReference: {fileID: 0}
    - target: {fileID: 2303394579267036199, guid: b4562fd92881cf045842035f52d17782,
        type: 3}
      propertyPath: m_LocalEulerAnglesHint.y
      value: 0
      objectReference: {fileID: 0}
    - target: {fileID: 2303394579267036199, guid: b4562fd92881cf045842035f52d17782,
        type: 3}
      propertyPath: m_LocalEulerAnglesHint.z
      value: 0
      objectReference: {fileID: 0}
    m_RemovedComponents: []
  m_SourcePrefab: {fileID: 100100000, guid: b4562fd92881cf045842035f52d17782, type: 3}
--- !u!4 &8247584191757641109 stripped
Transform:
  m_CorrespondingSourceObject: {fileID: 2303394579267036199, guid: b4562fd92881cf045842035f52d17782,
    type: 3}
  m_PrefabInstance: {fileID: 7890873025658274226}
  m_PrefabAsset: {fileID: 0}
--- !u!1001 &7890873025717945121
PrefabInstance:
  m_ObjectHideFlags: 0
  serializedVersion: 2
  m_Modification:
    m_TransformParent: {fileID: 8427868924415013194}
    m_Modifications:
    - target: {fileID: 1494242378997169821, guid: b4562fd92881cf045842035f52d17782,
        type: 3}
      propertyPath: m_Name
      value: Brick (10)
      objectReference: {fileID: 0}
    - target: {fileID: 2303394579267036199, guid: b4562fd92881cf045842035f52d17782,
        type: 3}
      propertyPath: m_LocalPosition.x
      value: 1
      objectReference: {fileID: 0}
    - target: {fileID: 2303394579267036199, guid: b4562fd92881cf045842035f52d17782,
        type: 3}
      propertyPath: m_LocalPosition.y
      value: 3.5
      objectReference: {fileID: 0}
    - target: {fileID: 2303394579267036199, guid: b4562fd92881cf045842035f52d17782,
        type: 3}
      propertyPath: m_LocalPosition.z
      value: 0
      objectReference: {fileID: 0}
    - target: {fileID: 2303394579267036199, guid: b4562fd92881cf045842035f52d17782,
        type: 3}
      propertyPath: m_LocalRotation.x
      value: -0
      objectReference: {fileID: 0}
    - target: {fileID: 2303394579267036199, guid: b4562fd92881cf045842035f52d17782,
        type: 3}
      propertyPath: m_LocalRotation.y
      value: -0
      objectReference: {fileID: 0}
    - target: {fileID: 2303394579267036199, guid: b4562fd92881cf045842035f52d17782,
        type: 3}
      propertyPath: m_LocalRotation.z
      value: -0
      objectReference: {fileID: 0}
    - target: {fileID: 2303394579267036199, guid: b4562fd92881cf045842035f52d17782,
        type: 3}
      propertyPath: m_LocalRotation.w
      value: 1
      objectReference: {fileID: 0}
    - target: {fileID: 2303394579267036199, guid: b4562fd92881cf045842035f52d17782,
        type: 3}
      propertyPath: m_RootOrder
      value: 10
      objectReference: {fileID: 0}
    - target: {fileID: 2303394579267036199, guid: b4562fd92881cf045842035f52d17782,
        type: 3}
      propertyPath: m_LocalEulerAnglesHint.x
      value: 0
      objectReference: {fileID: 0}
    - target: {fileID: 2303394579267036199, guid: b4562fd92881cf045842035f52d17782,
        type: 3}
      propertyPath: m_LocalEulerAnglesHint.y
      value: 0
      objectReference: {fileID: 0}
    - target: {fileID: 2303394579267036199, guid: b4562fd92881cf045842035f52d17782,
        type: 3}
      propertyPath: m_LocalEulerAnglesHint.z
      value: 0
      objectReference: {fileID: 0}
    m_RemovedComponents: []
  m_SourcePrefab: {fileID: 100100000, guid: b4562fd92881cf045842035f52d17782, type: 3}
--- !u!4 &8247584191599142662 stripped
Transform:
  m_CorrespondingSourceObject: {fileID: 2303394579267036199, guid: b4562fd92881cf045842035f52d17782,
    type: 3}
  m_PrefabInstance: {fileID: 7890873025717945121}
  m_PrefabAsset: {fileID: 0}
--- !u!1001 &7890873025725636506
PrefabInstance:
  m_ObjectHideFlags: 0
  serializedVersion: 2
  m_Modification:
    m_TransformParent: {fileID: 8427868924415013194}
    m_Modifications:
    - target: {fileID: 1494242378997169821, guid: b4562fd92881cf045842035f52d17782,
        type: 3}
      propertyPath: m_Name
      value: Brick (12)
      objectReference: {fileID: 0}
    - target: {fileID: 2303394579267036199, guid: b4562fd92881cf045842035f52d17782,
        type: 3}
      propertyPath: m_LocalPosition.x
      value: -2.25
      objectReference: {fileID: 0}
    - target: {fileID: 2303394579267036199, guid: b4562fd92881cf045842035f52d17782,
        type: 3}
      propertyPath: m_LocalPosition.y
      value: 4
      objectReference: {fileID: 0}
    - target: {fileID: 2303394579267036199, guid: b4562fd92881cf045842035f52d17782,
        type: 3}
      propertyPath: m_LocalPosition.z
      value: 0
      objectReference: {fileID: 0}
    - target: {fileID: 2303394579267036199, guid: b4562fd92881cf045842035f52d17782,
        type: 3}
      propertyPath: m_LocalRotation.x
      value: -0
      objectReference: {fileID: 0}
    - target: {fileID: 2303394579267036199, guid: b4562fd92881cf045842035f52d17782,
        type: 3}
      propertyPath: m_LocalRotation.y
      value: -0
      objectReference: {fileID: 0}
    - target: {fileID: 2303394579267036199, guid: b4562fd92881cf045842035f52d17782,
        type: 3}
      propertyPath: m_LocalRotation.z
      value: -0
      objectReference: {fileID: 0}
    - target: {fileID: 2303394579267036199, guid: b4562fd92881cf045842035f52d17782,
        type: 3}
      propertyPath: m_LocalRotation.w
      value: 1
      objectReference: {fileID: 0}
    - target: {fileID: 2303394579267036199, guid: b4562fd92881cf045842035f52d17782,
        type: 3}
      propertyPath: m_RootOrder
      value: 12
      objectReference: {fileID: 0}
    - target: {fileID: 2303394579267036199, guid: b4562fd92881cf045842035f52d17782,
        type: 3}
      propertyPath: m_LocalEulerAnglesHint.x
      value: 0
      objectReference: {fileID: 0}
    - target: {fileID: 2303394579267036199, guid: b4562fd92881cf045842035f52d17782,
        type: 3}
      propertyPath: m_LocalEulerAnglesHint.y
      value: 0
      objectReference: {fileID: 0}
    - target: {fileID: 2303394579267036199, guid: b4562fd92881cf045842035f52d17782,
        type: 3}
      propertyPath: m_LocalEulerAnglesHint.z
      value: 0
      objectReference: {fileID: 0}
    m_RemovedComponents: []
  m_SourcePrefab: {fileID: 100100000, guid: b4562fd92881cf045842035f52d17782, type: 3}
--- !u!4 &8247584191556041661 stripped
Transform:
  m_CorrespondingSourceObject: {fileID: 2303394579267036199, guid: b4562fd92881cf045842035f52d17782,
    type: 3}
  m_PrefabInstance: {fileID: 7890873025725636506}
  m_PrefabAsset: {fileID: 0}
--- !u!1001 &7890873025909437346
PrefabInstance:
  m_ObjectHideFlags: 0
  serializedVersion: 2
  m_Modification:
    m_TransformParent: {fileID: 8427868924415013194}
    m_Modifications:
    - target: {fileID: 1494242378997169821, guid: b4562fd92881cf045842035f52d17782,
        type: 3}
      propertyPath: m_Name
      value: Brick (15)
      objectReference: {fileID: 0}
    - target: {fileID: 2303394579267036199, guid: b4562fd92881cf045842035f52d17782,
        type: 3}
      propertyPath: m_LocalPosition.x
      value: -2
      objectReference: {fileID: 0}
    - target: {fileID: 2303394579267036199, guid: b4562fd92881cf045842035f52d17782,
        type: 3}
      propertyPath: m_LocalPosition.y
      value: 2.5
      objectReference: {fileID: 0}
    - target: {fileID: 2303394579267036199, guid: b4562fd92881cf045842035f52d17782,
        type: 3}
      propertyPath: m_LocalPosition.z
      value: 0
      objectReference: {fileID: 0}
    - target: {fileID: 2303394579267036199, guid: b4562fd92881cf045842035f52d17782,
        type: 3}
      propertyPath: m_LocalRotation.x
      value: -0
      objectReference: {fileID: 0}
    - target: {fileID: 2303394579267036199, guid: b4562fd92881cf045842035f52d17782,
        type: 3}
      propertyPath: m_LocalRotation.y
      value: -0
      objectReference: {fileID: 0}
    - target: {fileID: 2303394579267036199, guid: b4562fd92881cf045842035f52d17782,
        type: 3}
      propertyPath: m_LocalRotation.z
      value: -0
      objectReference: {fileID: 0}
    - target: {fileID: 2303394579267036199, guid: b4562fd92881cf045842035f52d17782,
        type: 3}
      propertyPath: m_LocalRotation.w
      value: 1
      objectReference: {fileID: 0}
    - target: {fileID: 2303394579267036199, guid: b4562fd92881cf045842035f52d17782,
        type: 3}
      propertyPath: m_RootOrder
      value: 15
      objectReference: {fileID: 0}
    - target: {fileID: 2303394579267036199, guid: b4562fd92881cf045842035f52d17782,
        type: 3}
      propertyPath: m_LocalEulerAnglesHint.x
      value: 0
      objectReference: {fileID: 0}
    - target: {fileID: 2303394579267036199, guid: b4562fd92881cf045842035f52d17782,
        type: 3}
      propertyPath: m_LocalEulerAnglesHint.y
      value: 0
      objectReference: {fileID: 0}
    - target: {fileID: 2303394579267036199, guid: b4562fd92881cf045842035f52d17782,
        type: 3}
      propertyPath: m_LocalEulerAnglesHint.z
      value: 0
      objectReference: {fileID: 0}
    m_RemovedComponents: []
  m_SourcePrefab: {fileID: 100100000, guid: b4562fd92881cf045842035f52d17782, type: 3}
--- !u!4 &8247584191538960261 stripped
Transform:
  m_CorrespondingSourceObject: {fileID: 2303394579267036199, guid: b4562fd92881cf045842035f52d17782,
    type: 3}
  m_PrefabInstance: {fileID: 7890873025909437346}
  m_PrefabAsset: {fileID: 0}
--- !u!1001 &7890873026056905333
PrefabInstance:
  m_ObjectHideFlags: 0
  serializedVersion: 2
  m_Modification:
    m_TransformParent: {fileID: 8427868924415013194}
    m_Modifications:
    - target: {fileID: 1494242378997169821, guid: b4562fd92881cf045842035f52d17782,
        type: 3}
      propertyPath: m_Name
      value: Brick (5)
      objectReference: {fileID: 0}
    - target: {fileID: 2303394579267036199, guid: b4562fd92881cf045842035f52d17782,
        type: 3}
      propertyPath: m_LocalPosition.x
      value: -0.5
      objectReference: {fileID: 0}
    - target: {fileID: 2303394579267036199, guid: b4562fd92881cf045842035f52d17782,
        type: 3}
      propertyPath: m_LocalPosition.y
      value: 2.5
      objectReference: {fileID: 0}
    - target: {fileID: 2303394579267036199, guid: b4562fd92881cf045842035f52d17782,
        type: 3}
      propertyPath: m_LocalPosition.z
      value: 0
      objectReference: {fileID: 0}
    - target: {fileID: 2303394579267036199, guid: b4562fd92881cf045842035f52d17782,
        type: 3}
      propertyPath: m_LocalRotation.x
      value: -0
      objectReference: {fileID: 0}
    - target: {fileID: 2303394579267036199, guid: b4562fd92881cf045842035f52d17782,
        type: 3}
      propertyPath: m_LocalRotation.y
      value: -0
      objectReference: {fileID: 0}
    - target: {fileID: 2303394579267036199, guid: b4562fd92881cf045842035f52d17782,
        type: 3}
      propertyPath: m_LocalRotation.z
      value: -0
      objectReference: {fileID: 0}
    - target: {fileID: 2303394579267036199, guid: b4562fd92881cf045842035f52d17782,
        type: 3}
      propertyPath: m_LocalRotation.w
      value: 1
      objectReference: {fileID: 0}
    - target: {fileID: 2303394579267036199, guid: b4562fd92881cf045842035f52d17782,
        type: 3}
      propertyPath: m_RootOrder
      value: 5
      objectReference: {fileID: 0}
    - target: {fileID: 2303394579267036199, guid: b4562fd92881cf045842035f52d17782,
        type: 3}
      propertyPath: m_LocalEulerAnglesHint.x
      value: 0
      objectReference: {fileID: 0}
    - target: {fileID: 2303394579267036199, guid: b4562fd92881cf045842035f52d17782,
        type: 3}
      propertyPath: m_LocalEulerAnglesHint.y
      value: 0
      objectReference: {fileID: 0}
    - target: {fileID: 2303394579267036199, guid: b4562fd92881cf045842035f52d17782,
        type: 3}
      propertyPath: m_LocalEulerAnglesHint.z
      value: 0
      objectReference: {fileID: 0}
    m_RemovedComponents: []
  m_SourcePrefab: {fileID: 100100000, guid: b4562fd92881cf045842035f52d17782, type: 3}
--- !u!4 &8247584191392302674 stripped
Transform:
  m_CorrespondingSourceObject: {fileID: 2303394579267036199, guid: b4562fd92881cf045842035f52d17782,
    type: 3}
  m_PrefabInstance: {fileID: 7890873026056905333}
  m_PrefabAsset: {fileID: 0}
--- !u!1001 &7890873026107734564
PrefabInstance:
  m_ObjectHideFlags: 0
  serializedVersion: 2
  m_Modification:
    m_TransformParent: {fileID: 8427868924415013194}
    m_Modifications:
    - target: {fileID: 1494242378997169821, guid: b4562fd92881cf045842035f52d17782,
        type: 3}
      propertyPath: m_Name
      value: Brick (8)
      objectReference: {fileID: 0}
    - target: {fileID: 2303394579267036199, guid: b4562fd92881cf045842035f52d17782,
        type: 3}
      propertyPath: m_LocalPosition.x
      value: -1
      objectReference: {fileID: 0}
    - target: {fileID: 2303394579267036199, guid: b4562fd92881cf045842035f52d17782,
        type: 3}
      propertyPath: m_LocalPosition.y
      value: 3.5
      objectReference: {fileID: 0}
    - target: {fileID: 2303394579267036199, guid: b4562fd92881cf045842035f52d17782,
        type: 3}
      propertyPath: m_LocalPosition.z
      value: 0
      objectReference: {fileID: 0}
    - target: {fileID: 2303394579267036199, guid: b4562fd92881cf045842035f52d17782,
        type: 3}
      propertyPath: m_LocalRotation.x
      value: -0
      objectReference: {fileID: 0}
    - target: {fileID: 2303394579267036199, guid: b4562fd92881cf045842035f52d17782,
        type: 3}
      propertyPath: m_LocalRotation.y
      value: -0
      objectReference: {fileID: 0}
    - target: {fileID: 2303394579267036199, guid: b4562fd92881cf045842035f52d17782,
        type: 3}
      propertyPath: m_LocalRotation.z
      value: -0
      objectReference: {fileID: 0}
    - target: {fileID: 2303394579267036199, guid: b4562fd92881cf045842035f52d17782,
        type: 3}
      propertyPath: m_LocalRotation.w
      value: 1
      objectReference: {fileID: 0}
    - target: {fileID: 2303394579267036199, guid: b4562fd92881cf045842035f52d17782,
        type: 3}
      propertyPath: m_RootOrder
      value: 8
      objectReference: {fileID: 0}
    - target: {fileID: 2303394579267036199, guid: b4562fd92881cf045842035f52d17782,
        type: 3}
      propertyPath: m_LocalEulerAnglesHint.x
      value: 0
      objectReference: {fileID: 0}
    - target: {fileID: 2303394579267036199, guid: b4562fd92881cf045842035f52d17782,
        type: 3}
      propertyPath: m_LocalEulerAnglesHint.y
      value: 0
      objectReference: {fileID: 0}
    - target: {fileID: 2303394579267036199, guid: b4562fd92881cf045842035f52d17782,
        type: 3}
      propertyPath: m_LocalEulerAnglesHint.z
      value: 0
      objectReference: {fileID: 0}
    m_RemovedComponents: []
  m_SourcePrefab: {fileID: 100100000, guid: b4562fd92881cf045842035f52d17782, type: 3}
--- !u!4 &8247584191174761987 stripped
Transform:
  m_CorrespondingSourceObject: {fileID: 2303394579267036199, guid: b4562fd92881cf045842035f52d17782,
    type: 3}
  m_PrefabInstance: {fileID: 7890873026107734564}
  m_PrefabAsset: {fileID: 0}
--- !u!1001 &7890873026212045331
PrefabInstance:
  m_ObjectHideFlags: 0
  serializedVersion: 2
  m_Modification:
    m_TransformParent: {fileID: 8427868924415013194}
    m_Modifications:
    - target: {fileID: 1494242378997169821, guid: b4562fd92881cf045842035f52d17782,
        type: 3}
      propertyPath: m_Name
      value: Brick (3)
      objectReference: {fileID: 0}
    - target: {fileID: 2303394579267036199, guid: b4562fd92881cf045842035f52d17782,
        type: 3}
      propertyPath: m_LocalPosition.x
      value: 0
      objectReference: {fileID: 0}
    - target: {fileID: 2303394579267036199, guid: b4562fd92881cf045842035f52d17782,
        type: 3}
      propertyPath: m_LocalPosition.y
      value: 1.5
      objectReference: {fileID: 0}
    - target: {fileID: 2303394579267036199, guid: b4562fd92881cf045842035f52d17782,
        type: 3}
      propertyPath: m_LocalPosition.z
      value: 0
      objectReference: {fileID: 0}
    - target: {fileID: 2303394579267036199, guid: b4562fd92881cf045842035f52d17782,
        type: 3}
      propertyPath: m_LocalRotation.x
      value: -0
      objectReference: {fileID: 0}
    - target: {fileID: 2303394579267036199, guid: b4562fd92881cf045842035f52d17782,
        type: 3}
      propertyPath: m_LocalRotation.y
      value: -0
      objectReference: {fileID: 0}
    - target: {fileID: 2303394579267036199, guid: b4562fd92881cf045842035f52d17782,
        type: 3}
      propertyPath: m_LocalRotation.z
      value: -0
      objectReference: {fileID: 0}
    - target: {fileID: 2303394579267036199, guid: b4562fd92881cf045842035f52d17782,
        type: 3}
      propertyPath: m_LocalRotation.w
      value: 1
      objectReference: {fileID: 0}
    - target: {fileID: 2303394579267036199, guid: b4562fd92881cf045842035f52d17782,
        type: 3}
      propertyPath: m_RootOrder
      value: 3
      objectReference: {fileID: 0}
    - target: {fileID: 2303394579267036199, guid: b4562fd92881cf045842035f52d17782,
        type: 3}
      propertyPath: m_LocalEulerAnglesHint.x
      value: 0
      objectReference: {fileID: 0}
    - target: {fileID: 2303394579267036199, guid: b4562fd92881cf045842035f52d17782,
        type: 3}
      propertyPath: m_LocalEulerAnglesHint.y
      value: 0
      objectReference: {fileID: 0}
    - target: {fileID: 2303394579267036199, guid: b4562fd92881cf045842035f52d17782,
        type: 3}
      propertyPath: m_LocalEulerAnglesHint.z
      value: 0
      objectReference: {fileID: 0}
    m_RemovedComponents: []
  m_SourcePrefab: {fileID: 100100000, guid: b4562fd92881cf045842035f52d17782, type: 3}
--- !u!4 &8247584191237129780 stripped
Transform:
  m_CorrespondingSourceObject: {fileID: 2303394579267036199, guid: b4562fd92881cf045842035f52d17782,
    type: 3}
  m_PrefabInstance: {fileID: 7890873026212045331}
  m_PrefabAsset: {fileID: 0}
--- !u!1001 &7890873026266860224
PrefabInstance:
  m_ObjectHideFlags: 0
  serializedVersion: 2
  m_Modification:
    m_TransformParent: {fileID: 8427868924415013194}
    m_Modifications:
    - target: {fileID: 1494242378997169821, guid: b4562fd92881cf045842035f52d17782,
        type: 3}
      propertyPath: m_Name
      value: Brick (14)
      objectReference: {fileID: 0}
    - target: {fileID: 2303394579267036199, guid: b4562fd92881cf045842035f52d17782,
        type: 3}
      propertyPath: m_LocalPosition.x
      value: -2.5
      objectReference: {fileID: 0}
    - target: {fileID: 2303394579267036199, guid: b4562fd92881cf045842035f52d17782,
        type: 3}
      propertyPath: m_LocalPosition.y
      value: 3
      objectReference: {fileID: 0}
    - target: {fileID: 2303394579267036199, guid: b4562fd92881cf045842035f52d17782,
        type: 3}
      propertyPath: m_LocalPosition.z
      value: 0
      objectReference: {fileID: 0}
    - target: {fileID: 2303394579267036199, guid: b4562fd92881cf045842035f52d17782,
        type: 3}
      propertyPath: m_LocalRotation.x
      value: -0
      objectReference: {fileID: 0}
    - target: {fileID: 2303394579267036199, guid: b4562fd92881cf045842035f52d17782,
        type: 3}
      propertyPath: m_LocalRotation.y
      value: -0
      objectReference: {fileID: 0}
    - target: {fileID: 2303394579267036199, guid: b4562fd92881cf045842035f52d17782,
        type: 3}
      propertyPath: m_LocalRotation.z
      value: -0
      objectReference: {fileID: 0}
    - target: {fileID: 2303394579267036199, guid: b4562fd92881cf045842035f52d17782,
        type: 3}
      propertyPath: m_LocalRotation.w
      value: 1
      objectReference: {fileID: 0}
    - target: {fileID: 2303394579267036199, guid: b4562fd92881cf045842035f52d17782,
        type: 3}
      propertyPath: m_RootOrder
      value: 14
      objectReference: {fileID: 0}
    - target: {fileID: 2303394579267036199, guid: b4562fd92881cf045842035f52d17782,
        type: 3}
      propertyPath: m_LocalEulerAnglesHint.x
      value: 0
      objectReference: {fileID: 0}
    - target: {fileID: 2303394579267036199, guid: b4562fd92881cf045842035f52d17782,
        type: 3}
      propertyPath: m_LocalEulerAnglesHint.y
      value: 0
      objectReference: {fileID: 0}
    - target: {fileID: 2303394579267036199, guid: b4562fd92881cf045842035f52d17782,
        type: 3}
      propertyPath: m_LocalEulerAnglesHint.z
      value: 0
      objectReference: {fileID: 0}
    m_RemovedComponents: []
  m_SourcePrefab: {fileID: 100100000, guid: b4562fd92881cf045842035f52d17782, type: 3}
--- !u!4 &8247584191015595751 stripped
Transform:
  m_CorrespondingSourceObject: {fileID: 2303394579267036199, guid: b4562fd92881cf045842035f52d17782,
    type: 3}
  m_PrefabInstance: {fileID: 7890873026266860224}
  m_PrefabAsset: {fileID: 0}
--- !u!1001 &7890873026442842226
PrefabInstance:
  m_ObjectHideFlags: 0
  serializedVersion: 2
  m_Modification:
    m_TransformParent: {fileID: 8427868924415013194}
    m_Modifications:
    - target: {fileID: 1494242378997169821, guid: b4562fd92881cf045842035f52d17782,
        type: 3}
      propertyPath: m_Name
      value: Brick (1)
      objectReference: {fileID: 0}
    - target: {fileID: 2303394579267036199, guid: b4562fd92881cf045842035f52d17782,
        type: 3}
      propertyPath: m_LocalPosition.x
      value: 0
      objectReference: {fileID: 0}
    - target: {fileID: 2303394579267036199, guid: b4562fd92881cf045842035f52d17782,
        type: 3}
      propertyPath: m_LocalPosition.y
      value: 0.5
      objectReference: {fileID: 0}
    - target: {fileID: 2303394579267036199, guid: b4562fd92881cf045842035f52d17782,
        type: 3}
      propertyPath: m_LocalPosition.z
      value: 0
      objectReference: {fileID: 0}
    - target: {fileID: 2303394579267036199, guid: b4562fd92881cf045842035f52d17782,
        type: 3}
      propertyPath: m_LocalRotation.x
      value: -0
      objectReference: {fileID: 0}
    - target: {fileID: 2303394579267036199, guid: b4562fd92881cf045842035f52d17782,
        type: 3}
      propertyPath: m_LocalRotation.y
      value: -0
      objectReference: {fileID: 0}
    - target: {fileID: 2303394579267036199, guid: b4562fd92881cf045842035f52d17782,
        type: 3}
      propertyPath: m_LocalRotation.z
      value: -0
      objectReference: {fileID: 0}
    - target: {fileID: 2303394579267036199, guid: b4562fd92881cf045842035f52d17782,
        type: 3}
      propertyPath: m_LocalRotation.w
      value: 1
      objectReference: {fileID: 0}
    - target: {fileID: 2303394579267036199, guid: b4562fd92881cf045842035f52d17782,
        type: 3}
      propertyPath: m_RootOrder
      value: 1
      objectReference: {fileID: 0}
    - target: {fileID: 2303394579267036199, guid: b4562fd92881cf045842035f52d17782,
        type: 3}
      propertyPath: m_LocalEulerAnglesHint.x
      value: 0
      objectReference: {fileID: 0}
    - target: {fileID: 2303394579267036199, guid: b4562fd92881cf045842035f52d17782,
        type: 3}
      propertyPath: m_LocalEulerAnglesHint.y
      value: 0
      objectReference: {fileID: 0}
    - target: {fileID: 2303394579267036199, guid: b4562fd92881cf045842035f52d17782,
        type: 3}
      propertyPath: m_LocalEulerAnglesHint.z
      value: 0
      objectReference: {fileID: 0}
    m_RemovedComponents: []
  m_SourcePrefab: {fileID: 100100000, guid: b4562fd92881cf045842035f52d17782, type: 3}
--- !u!4 &8247584190973080661 stripped
Transform:
  m_CorrespondingSourceObject: {fileID: 2303394579267036199, guid: b4562fd92881cf045842035f52d17782,
    type: 3}
  m_PrefabInstance: {fileID: 7890873026442842226}
  m_PrefabAsset: {fileID: 0}
--- !u!1001 &7890873026448795036
PrefabInstance:
  m_ObjectHideFlags: 0
  serializedVersion: 2
  m_Modification:
    m_TransformParent: {fileID: 8427868924415013194}
    m_Modifications:
    - target: {fileID: 1494242378997169821, guid: b4562fd92881cf045842035f52d17782,
        type: 3}
      propertyPath: m_Name
      value: Brick (13)
      objectReference: {fileID: 0}
    - target: {fileID: 2303394579267036199, guid: b4562fd92881cf045842035f52d17782,
        type: 3}
      propertyPath: m_LocalPosition.x
      value: -2.5
      objectReference: {fileID: 0}
    - target: {fileID: 2303394579267036199, guid: b4562fd92881cf045842035f52d17782,
        type: 3}
      propertyPath: m_LocalPosition.y
      value: 3.5
      objectReference: {fileID: 0}
    - target: {fileID: 2303394579267036199, guid: b4562fd92881cf045842035f52d17782,
        type: 3}
      propertyPath: m_LocalPosition.z
      value: 0
      objectReference: {fileID: 0}
    - target: {fileID: 2303394579267036199, guid: b4562fd92881cf045842035f52d17782,
        type: 3}
      propertyPath: m_LocalRotation.x
      value: -0
      objectReference: {fileID: 0}
    - target: {fileID: 2303394579267036199, guid: b4562fd92881cf045842035f52d17782,
        type: 3}
      propertyPath: m_LocalRotation.y
      value: -0
      objectReference: {fileID: 0}
    - target: {fileID: 2303394579267036199, guid: b4562fd92881cf045842035f52d17782,
        type: 3}
      propertyPath: m_LocalRotation.z
      value: -0
      objectReference: {fileID: 0}
    - target: {fileID: 2303394579267036199, guid: b4562fd92881cf045842035f52d17782,
        type: 3}
      propertyPath: m_LocalRotation.w
      value: 1
      objectReference: {fileID: 0}
    - target: {fileID: 2303394579267036199, guid: b4562fd92881cf045842035f52d17782,
        type: 3}
      propertyPath: m_RootOrder
      value: 13
      objectReference: {fileID: 0}
    - target: {fileID: 2303394579267036199, guid: b4562fd92881cf045842035f52d17782,
        type: 3}
      propertyPath: m_LocalEulerAnglesHint.x
      value: 0
      objectReference: {fileID: 0}
    - target: {fileID: 2303394579267036199, guid: b4562fd92881cf045842035f52d17782,
        type: 3}
      propertyPath: m_LocalEulerAnglesHint.y
      value: 0
      objectReference: {fileID: 0}
    - target: {fileID: 2303394579267036199, guid: b4562fd92881cf045842035f52d17782,
        type: 3}
      propertyPath: m_LocalEulerAnglesHint.z
      value: 0
      objectReference: {fileID: 0}
    m_RemovedComponents: []
  m_SourcePrefab: {fileID: 100100000, guid: b4562fd92881cf045842035f52d17782, type: 3}
--- !u!4 &8247584191004574139 stripped
Transform:
  m_CorrespondingSourceObject: {fileID: 2303394579267036199, guid: b4562fd92881cf045842035f52d17782,
    type: 3}
  m_PrefabInstance: {fileID: 7890873026448795036}
  m_PrefabAsset: {fileID: 0}
--- !u!1001 &7890873026591326832
PrefabInstance:
  m_ObjectHideFlags: 0
  serializedVersion: 2
  m_Modification:
    m_TransformParent: {fileID: 8427868924415013194}
    m_Modifications:
    - target: {fileID: 1494242378997169821, guid: b4562fd92881cf045842035f52d17782,
        type: 3}
      propertyPath: m_Name
      value: Brick (19)
      objectReference: {fileID: 0}
    - target: {fileID: 2303394579267036199, guid: b4562fd92881cf045842035f52d17782,
        type: 3}
      propertyPath: m_LocalPosition.x
      value: 2.5
      objectReference: {fileID: 0}
    - target: {fileID: 2303394579267036199, guid: b4562fd92881cf045842035f52d17782,
        type: 3}
      propertyPath: m_LocalPosition.y
      value: 3
      objectReference: {fileID: 0}
    - target: {fileID: 2303394579267036199, guid: b4562fd92881cf045842035f52d17782,
        type: 3}
      propertyPath: m_LocalPosition.z
      value: 0
      objectReference: {fileID: 0}
    - target: {fileID: 2303394579267036199, guid: b4562fd92881cf045842035f52d17782,
        type: 3}
      propertyPath: m_LocalRotation.x
      value: -0
      objectReference: {fileID: 0}
    - target: {fileID: 2303394579267036199, guid: b4562fd92881cf045842035f52d17782,
        type: 3}
      propertyPath: m_LocalRotation.y
      value: -0
      objectReference: {fileID: 0}
    - target: {fileID: 2303394579267036199, guid: b4562fd92881cf045842035f52d17782,
        type: 3}
      propertyPath: m_LocalRotation.z
      value: -0
      objectReference: {fileID: 0}
    - target: {fileID: 2303394579267036199, guid: b4562fd92881cf045842035f52d17782,
        type: 3}
      propertyPath: m_LocalRotation.w
      value: 1
      objectReference: {fileID: 0}
    - target: {fileID: 2303394579267036199, guid: b4562fd92881cf045842035f52d17782,
        type: 3}
      propertyPath: m_RootOrder
      value: 19
      objectReference: {fileID: 0}
    - target: {fileID: 2303394579267036199, guid: b4562fd92881cf045842035f52d17782,
        type: 3}
      propertyPath: m_LocalEulerAnglesHint.x
      value: 0
      objectReference: {fileID: 0}
    - target: {fileID: 2303394579267036199, guid: b4562fd92881cf045842035f52d17782,
        type: 3}
      propertyPath: m_LocalEulerAnglesHint.y
      value: 0
      objectReference: {fileID: 0}
    - target: {fileID: 2303394579267036199, guid: b4562fd92881cf045842035f52d17782,
        type: 3}
      propertyPath: m_LocalEulerAnglesHint.z
      value: 0
      objectReference: {fileID: 0}
    m_RemovedComponents: []
  m_SourcePrefab: {fileID: 100100000, guid: b4562fd92881cf045842035f52d17782, type: 3}
--- !u!4 &8247584190862042711 stripped
Transform:
  m_CorrespondingSourceObject: {fileID: 2303394579267036199, guid: b4562fd92881cf045842035f52d17782,
    type: 3}
  m_PrefabInstance: {fileID: 7890873026591326832}
  m_PrefabAsset: {fileID: 0}
--- !u!1001 &7890873026599285415
PrefabInstance:
  m_ObjectHideFlags: 0
  serializedVersion: 2
  m_Modification:
    m_TransformParent: {fileID: 8427868924415013194}
    m_Modifications:
    - target: {fileID: 1494242378997169821, guid: b4562fd92881cf045842035f52d17782,
        type: 3}
      propertyPath: m_Name
      value: Brick (17)
      objectReference: {fileID: 0}
    - target: {fileID: 2303394579267036199, guid: b4562fd92881cf045842035f52d17782,
        type: 3}
      propertyPath: m_LocalPosition.x
      value: 1.25
      objectReference: {fileID: 0}
    - target: {fileID: 2303394579267036199, guid: b4562fd92881cf045842035f52d17782,
        type: 3}
      propertyPath: m_LocalPosition.y
      value: 4
      objectReference: {fileID: 0}
    - target: {fileID: 2303394579267036199, guid: b4562fd92881cf045842035f52d17782,
        type: 3}
      propertyPath: m_LocalPosition.z
      value: 0
      objectReference: {fileID: 0}
    - target: {fileID: 2303394579267036199, guid: b4562fd92881cf045842035f52d17782,
        type: 3}
      propertyPath: m_LocalRotation.x
      value: -0
      objectReference: {fileID: 0}
    - target: {fileID: 2303394579267036199, guid: b4562fd92881cf045842035f52d17782,
        type: 3}
      propertyPath: m_LocalRotation.y
      value: -0
      objectReference: {fileID: 0}
    - target: {fileID: 2303394579267036199, guid: b4562fd92881cf045842035f52d17782,
        type: 3}
      propertyPath: m_LocalRotation.z
      value: -0
      objectReference: {fileID: 0}
    - target: {fileID: 2303394579267036199, guid: b4562fd92881cf045842035f52d17782,
        type: 3}
      propertyPath: m_LocalRotation.w
      value: 1
      objectReference: {fileID: 0}
    - target: {fileID: 2303394579267036199, guid: b4562fd92881cf045842035f52d17782,
        type: 3}
      propertyPath: m_RootOrder
      value: 17
      objectReference: {fileID: 0}
    - target: {fileID: 2303394579267036199, guid: b4562fd92881cf045842035f52d17782,
        type: 3}
      propertyPath: m_LocalEulerAnglesHint.x
      value: 0
      objectReference: {fileID: 0}
    - target: {fileID: 2303394579267036199, guid: b4562fd92881cf045842035f52d17782,
        type: 3}
      propertyPath: m_LocalEulerAnglesHint.y
      value: 0
      objectReference: {fileID: 0}
    - target: {fileID: 2303394579267036199, guid: b4562fd92881cf045842035f52d17782,
        type: 3}
      propertyPath: m_LocalEulerAnglesHint.z
      value: 0
      objectReference: {fileID: 0}
    m_RemovedComponents: []
  m_SourcePrefab: {fileID: 100100000, guid: b4562fd92881cf045842035f52d17782, type: 3}
--- !u!4 &8247584190819522176 stripped
Transform:
  m_CorrespondingSourceObject: {fileID: 2303394579267036199, guid: b4562fd92881cf045842035f52d17782,
    type: 3}
  m_PrefabInstance: {fileID: 7890873026599285415}
  m_PrefabAsset: {fileID: 0}
--- !u!1001 &7890873026616304231
PrefabInstance:
  m_ObjectHideFlags: 0
  serializedVersion: 2
  m_Modification:
    m_TransformParent: {fileID: 8427868924415013194}
    m_Modifications:
    - target: {fileID: 1494242378997169821, guid: b4562fd92881cf045842035f52d17782,
        type: 3}
      propertyPath: m_Name
      value: Brick (20)
      objectReference: {fileID: 0}
    - target: {fileID: 2303394579267036199, guid: b4562fd92881cf045842035f52d17782,
        type: 3}
      propertyPath: m_LocalPosition.x
      value: 2
      objectReference: {fileID: 0}
    - target: {fileID: 2303394579267036199, guid: b4562fd92881cf045842035f52d17782,
        type: 3}
      propertyPath: m_LocalPosition.y
      value: 2.5
      objectReference: {fileID: 0}
    - target: {fileID: 2303394579267036199, guid: b4562fd92881cf045842035f52d17782,
        type: 3}
      propertyPath: m_LocalPosition.z
      value: 0
      objectReference: {fileID: 0}
    - target: {fileID: 2303394579267036199, guid: b4562fd92881cf045842035f52d17782,
        type: 3}
      propertyPath: m_LocalRotation.x
      value: -0
      objectReference: {fileID: 0}
    - target: {fileID: 2303394579267036199, guid: b4562fd92881cf045842035f52d17782,
        type: 3}
      propertyPath: m_LocalRotation.y
      value: -0
      objectReference: {fileID: 0}
    - target: {fileID: 2303394579267036199, guid: b4562fd92881cf045842035f52d17782,
        type: 3}
      propertyPath: m_LocalRotation.z
      value: -0
      objectReference: {fileID: 0}
    - target: {fileID: 2303394579267036199, guid: b4562fd92881cf045842035f52d17782,
        type: 3}
      propertyPath: m_LocalRotation.w
      value: 1
      objectReference: {fileID: 0}
    - target: {fileID: 2303394579267036199, guid: b4562fd92881cf045842035f52d17782,
        type: 3}
      propertyPath: m_RootOrder
      value: 20
      objectReference: {fileID: 0}
    - target: {fileID: 2303394579267036199, guid: b4562fd92881cf045842035f52d17782,
        type: 3}
      propertyPath: m_LocalEulerAnglesHint.x
      value: 0
      objectReference: {fileID: 0}
    - target: {fileID: 2303394579267036199, guid: b4562fd92881cf045842035f52d17782,
        type: 3}
      propertyPath: m_LocalEulerAnglesHint.y
      value: 0
      objectReference: {fileID: 0}
    - target: {fileID: 2303394579267036199, guid: b4562fd92881cf045842035f52d17782,
        type: 3}
      propertyPath: m_LocalEulerAnglesHint.z
      value: 0
      objectReference: {fileID: 0}
    m_RemovedComponents: []
  m_SourcePrefab: {fileID: 100100000, guid: b4562fd92881cf045842035f52d17782, type: 3}
--- !u!4 &8247584190836016704 stripped
Transform:
  m_CorrespondingSourceObject: {fileID: 2303394579267036199, guid: b4562fd92881cf045842035f52d17782,
    type: 3}
  m_PrefabInstance: {fileID: 7890873026616304231}
  m_PrefabAsset: {fileID: 0}
--- !u!1001 &7890873026743124864
PrefabInstance:
  m_ObjectHideFlags: 0
  serializedVersion: 2
  m_Modification:
    m_TransformParent: {fileID: 8427868924415013194}
    m_Modifications:
    - target: {fileID: 1494242378997169821, guid: b4562fd92881cf045842035f52d17782,
        type: 3}
      propertyPath: m_Name
      value: Brick (11)
      objectReference: {fileID: 0}
    - target: {fileID: 2303394579267036199, guid: b4562fd92881cf045842035f52d17782,
        type: 3}
      propertyPath: m_LocalPosition.x
      value: -1.25
      objectReference: {fileID: 0}
    - target: {fileID: 2303394579267036199, guid: b4562fd92881cf045842035f52d17782,
        type: 3}
      propertyPath: m_LocalPosition.y
      value: 4
      objectReference: {fileID: 0}
    - target: {fileID: 2303394579267036199, guid: b4562fd92881cf045842035f52d17782,
        type: 3}
      propertyPath: m_LocalPosition.z
      value: 0
      objectReference: {fileID: 0}
    - target: {fileID: 2303394579267036199, guid: b4562fd92881cf045842035f52d17782,
        type: 3}
      propertyPath: m_LocalRotation.x
      value: -0
      objectReference: {fileID: 0}
    - target: {fileID: 2303394579267036199, guid: b4562fd92881cf045842035f52d17782,
        type: 3}
      propertyPath: m_LocalRotation.y
      value: -0
      objectReference: {fileID: 0}
    - target: {fileID: 2303394579267036199, guid: b4562fd92881cf045842035f52d17782,
        type: 3}
      propertyPath: m_LocalRotation.z
      value: -0
      objectReference: {fileID: 0}
    - target: {fileID: 2303394579267036199, guid: b4562fd92881cf045842035f52d17782,
        type: 3}
      propertyPath: m_LocalRotation.w
      value: 1
      objectReference: {fileID: 0}
    - target: {fileID: 2303394579267036199, guid: b4562fd92881cf045842035f52d17782,
        type: 3}
      propertyPath: m_RootOrder
      value: 11
      objectReference: {fileID: 0}
    - target: {fileID: 2303394579267036199, guid: b4562fd92881cf045842035f52d17782,
        type: 3}
      propertyPath: m_LocalEulerAnglesHint.x
      value: 0
      objectReference: {fileID: 0}
    - target: {fileID: 2303394579267036199, guid: b4562fd92881cf045842035f52d17782,
        type: 3}
      propertyPath: m_LocalEulerAnglesHint.y
      value: 0
      objectReference: {fileID: 0}
    - target: {fileID: 2303394579267036199, guid: b4562fd92881cf045842035f52d17782,
        type: 3}
      propertyPath: m_LocalEulerAnglesHint.z
      value: 0
      objectReference: {fileID: 0}
    m_RemovedComponents: []
  m_SourcePrefab: {fileID: 100100000, guid: b4562fd92881cf045842035f52d17782, type: 3}
--- !u!4 &8247584190677772199 stripped
Transform:
  m_CorrespondingSourceObject: {fileID: 2303394579267036199, guid: b4562fd92881cf045842035f52d17782,
    type: 3}
  m_PrefabInstance: {fileID: 7890873026743124864}
  m_PrefabAsset: {fileID: 0}
--- !u!1001 &7890873027115166383
PrefabInstance:
  m_ObjectHideFlags: 0
  serializedVersion: 2
  m_Modification:
    m_TransformParent: {fileID: 8427868924415013194}
    m_Modifications:
    - target: {fileID: 1494242378997169821, guid: b4562fd92881cf045842035f52d17782,
        type: 3}
      propertyPath: m_Name
      value: Brick (16)
      objectReference: {fileID: 0}
    - target: {fileID: 2303394579267036199, guid: b4562fd92881cf045842035f52d17782,
        type: 3}
      propertyPath: m_LocalPosition.x
      value: 2.25
      objectReference: {fileID: 0}
    - target: {fileID: 2303394579267036199, guid: b4562fd92881cf045842035f52d17782,
        type: 3}
      propertyPath: m_LocalPosition.y
      value: 4
      objectReference: {fileID: 0}
    - target: {fileID: 2303394579267036199, guid: b4562fd92881cf045842035f52d17782,
        type: 3}
      propertyPath: m_LocalPosition.z
      value: 0
      objectReference: {fileID: 0}
    - target: {fileID: 2303394579267036199, guid: b4562fd92881cf045842035f52d17782,
        type: 3}
      propertyPath: m_LocalRotation.x
      value: -0
      objectReference: {fileID: 0}
    - target: {fileID: 2303394579267036199, guid: b4562fd92881cf045842035f52d17782,
        type: 3}
      propertyPath: m_LocalRotation.y
      value: -0
      objectReference: {fileID: 0}
    - target: {fileID: 2303394579267036199, guid: b4562fd92881cf045842035f52d17782,
        type: 3}
      propertyPath: m_LocalRotation.z
      value: -0
      objectReference: {fileID: 0}
    - target: {fileID: 2303394579267036199, guid: b4562fd92881cf045842035f52d17782,
        type: 3}
      propertyPath: m_LocalRotation.w
      value: 1
      objectReference: {fileID: 0}
    - target: {fileID: 2303394579267036199, guid: b4562fd92881cf045842035f52d17782,
        type: 3}
      propertyPath: m_RootOrder
      value: 16
      objectReference: {fileID: 0}
    - target: {fileID: 2303394579267036199, guid: b4562fd92881cf045842035f52d17782,
        type: 3}
      propertyPath: m_LocalEulerAnglesHint.x
      value: 0
      objectReference: {fileID: 0}
    - target: {fileID: 2303394579267036199, guid: b4562fd92881cf045842035f52d17782,
        type: 3}
      propertyPath: m_LocalEulerAnglesHint.y
      value: 0
      objectReference: {fileID: 0}
    - target: {fileID: 2303394579267036199, guid: b4562fd92881cf045842035f52d17782,
        type: 3}
      propertyPath: m_LocalEulerAnglesHint.z
      value: 0
      objectReference: {fileID: 0}
    m_RemovedComponents: []
  m_SourcePrefab: {fileID: 100100000, guid: b4562fd92881cf045842035f52d17782, type: 3}
--- !u!4 &8247584190303604360 stripped
Transform:
  m_CorrespondingSourceObject: {fileID: 2303394579267036199, guid: b4562fd92881cf045842035f52d17782,
    type: 3}
  m_PrefabInstance: {fileID: 7890873027115166383}
  m_PrefabAsset: {fileID: 0}
--- !u!1001 &7890873027145384499
PrefabInstance:
  m_ObjectHideFlags: 0
  serializedVersion: 2
  m_Modification:
    m_TransformParent: {fileID: 8427868924415013194}
    m_Modifications:
    - target: {fileID: 1494242378997169821, guid: b4562fd92881cf045842035f52d17782,
        type: 3}
      propertyPath: m_Name
      value: Brick (9)
      objectReference: {fileID: 0}
    - target: {fileID: 2303394579267036199, guid: b4562fd92881cf045842035f52d17782,
        type: 3}
      propertyPath: m_LocalPosition.x
      value: 0.75
      objectReference: {fileID: 0}
    - target: {fileID: 2303394579267036199, guid: b4562fd92881cf045842035f52d17782,
        type: 3}
      propertyPath: m_LocalPosition.y
      value: 3
      objectReference: {fileID: 0}
    - target: {fileID: 2303394579267036199, guid: b4562fd92881cf045842035f52d17782,
        type: 3}
      propertyPath: m_LocalPosition.z
      value: 0
      objectReference: {fileID: 0}
    - target: {fileID: 2303394579267036199, guid: b4562fd92881cf045842035f52d17782,
        type: 3}
      propertyPath: m_LocalRotation.x
      value: -0
      objectReference: {fileID: 0}
    - target: {fileID: 2303394579267036199, guid: b4562fd92881cf045842035f52d17782,
        type: 3}
      propertyPath: m_LocalRotation.y
      value: -0
      objectReference: {fileID: 0}
    - target: {fileID: 2303394579267036199, guid: b4562fd92881cf045842035f52d17782,
        type: 3}
      propertyPath: m_LocalRotation.z
      value: -0
      objectReference: {fileID: 0}
    - target: {fileID: 2303394579267036199, guid: b4562fd92881cf045842035f52d17782,
        type: 3}
      propertyPath: m_LocalRotation.w
      value: 1
      objectReference: {fileID: 0}
    - target: {fileID: 2303394579267036199, guid: b4562fd92881cf045842035f52d17782,
        type: 3}
      propertyPath: m_RootOrder
      value: 9
      objectReference: {fileID: 0}
    - target: {fileID: 2303394579267036199, guid: b4562fd92881cf045842035f52d17782,
        type: 3}
      propertyPath: m_LocalEulerAnglesHint.x
      value: 0
      objectReference: {fileID: 0}
    - target: {fileID: 2303394579267036199, guid: b4562fd92881cf045842035f52d17782,
        type: 3}
      propertyPath: m_LocalEulerAnglesHint.y
      value: 0
      objectReference: {fileID: 0}
    - target: {fileID: 2303394579267036199, guid: b4562fd92881cf045842035f52d17782,
        type: 3}
      propertyPath: m_LocalEulerAnglesHint.z
      value: 0
      objectReference: {fileID: 0}
    m_RemovedComponents: []
  m_SourcePrefab: {fileID: 100100000, guid: b4562fd92881cf045842035f52d17782, type: 3}
--- !u!4 &8247584190274725396 stripped
Transform:
  m_CorrespondingSourceObject: {fileID: 2303394579267036199, guid: b4562fd92881cf045842035f52d17782,
    type: 3}
  m_PrefabInstance: {fileID: 7890873027145384499}
  m_PrefabAsset: {fileID: 0}
--- !u!1001 &7890873027162846375
PrefabInstance:
  m_ObjectHideFlags: 0
  serializedVersion: 2
  m_Modification:
    m_TransformParent: {fileID: 8427868924415013194}
    m_Modifications:
    - target: {fileID: 1494242378997169821, guid: b4562fd92881cf045842035f52d17782,
        type: 3}
      propertyPath: m_Name
      value: Brick (6)
      objectReference: {fileID: 0}
    - target: {fileID: 2303394579267036199, guid: b4562fd92881cf045842035f52d17782,
        type: 3}
      propertyPath: m_LocalPosition.x
      value: 0.5
      objectReference: {fileID: 0}
    - target: {fileID: 2303394579267036199, guid: b4562fd92881cf045842035f52d17782,
        type: 3}
      propertyPath: m_LocalPosition.y
      value: 2.5
      objectReference: {fileID: 0}
    - target: {fileID: 2303394579267036199, guid: b4562fd92881cf045842035f52d17782,
        type: 3}
      propertyPath: m_LocalPosition.z
      value: 0
      objectReference: {fileID: 0}
    - target: {fileID: 2303394579267036199, guid: b4562fd92881cf045842035f52d17782,
        type: 3}
      propertyPath: m_LocalRotation.x
      value: -0
      objectReference: {fileID: 0}
    - target: {fileID: 2303394579267036199, guid: b4562fd92881cf045842035f52d17782,
        type: 3}
      propertyPath: m_LocalRotation.y
      value: -0
      objectReference: {fileID: 0}
    - target: {fileID: 2303394579267036199, guid: b4562fd92881cf045842035f52d17782,
        type: 3}
      propertyPath: m_LocalRotation.z
      value: -0
      objectReference: {fileID: 0}
    - target: {fileID: 2303394579267036199, guid: b4562fd92881cf045842035f52d17782,
        type: 3}
      propertyPath: m_LocalRotation.w
      value: 1
      objectReference: {fileID: 0}
    - target: {fileID: 2303394579267036199, guid: b4562fd92881cf045842035f52d17782,
        type: 3}
      propertyPath: m_RootOrder
      value: 6
      objectReference: {fileID: 0}
    - target: {fileID: 2303394579267036199, guid: b4562fd92881cf045842035f52d17782,
        type: 3}
      propertyPath: m_LocalEulerAnglesHint.x
      value: 0
      objectReference: {fileID: 0}
    - target: {fileID: 2303394579267036199, guid: b4562fd92881cf045842035f52d17782,
        type: 3}
      propertyPath: m_LocalEulerAnglesHint.y
      value: 0
      objectReference: {fileID: 0}
    - target: {fileID: 2303394579267036199, guid: b4562fd92881cf045842035f52d17782,
        type: 3}
      propertyPath: m_LocalEulerAnglesHint.z
      value: 0
      objectReference: {fileID: 0}
    m_RemovedComponents: []
  m_SourcePrefab: {fileID: 100100000, guid: b4562fd92881cf045842035f52d17782, type: 3}
--- !u!4 &8247584190284238976 stripped
Transform:
  m_CorrespondingSourceObject: {fileID: 2303394579267036199, guid: b4562fd92881cf045842035f52d17782,
    type: 3}
  m_PrefabInstance: {fileID: 7890873027162846375}
  m_PrefabAsset: {fileID: 0}
--- !u!1001 &7890873027271032396
PrefabInstance:
  m_ObjectHideFlags: 0
  serializedVersion: 2
  m_Modification:
    m_TransformParent: {fileID: 8427868924415013194}
    m_Modifications:
    - target: {fileID: 1494242378997169821, guid: b4562fd92881cf045842035f52d17782,
        type: 3}
      propertyPath: m_Name
      value: Brick (7)
      objectReference: {fileID: 0}
    - target: {fileID: 2303394579267036199, guid: b4562fd92881cf045842035f52d17782,
        type: 3}
      propertyPath: m_LocalPosition.x
      value: -0.75
      objectReference: {fileID: 0}
    - target: {fileID: 2303394579267036199, guid: b4562fd92881cf045842035f52d17782,
        type: 3}
      propertyPath: m_LocalPosition.y
      value: 3
      objectReference: {fileID: 0}
    - target: {fileID: 2303394579267036199, guid: b4562fd92881cf045842035f52d17782,
        type: 3}
      propertyPath: m_LocalPosition.z
      value: 0
      objectReference: {fileID: 0}
    - target: {fileID: 2303394579267036199, guid: b4562fd92881cf045842035f52d17782,
        type: 3}
      propertyPath: m_LocalRotation.x
      value: -0
      objectReference: {fileID: 0}
    - target: {fileID: 2303394579267036199, guid: b4562fd92881cf045842035f52d17782,
        type: 3}
      propertyPath: m_LocalRotation.y
      value: -0
      objectReference: {fileID: 0}
    - target: {fileID: 2303394579267036199, guid: b4562fd92881cf045842035f52d17782,
        type: 3}
      propertyPath: m_LocalRotation.z
      value: -0
      objectReference: {fileID: 0}
    - target: {fileID: 2303394579267036199, guid: b4562fd92881cf045842035f52d17782,
        type: 3}
      propertyPath: m_LocalRotation.w
      value: 1
      objectReference: {fileID: 0}
    - target: {fileID: 2303394579267036199, guid: b4562fd92881cf045842035f52d17782,
        type: 3}
      propertyPath: m_RootOrder
      value: 7
      objectReference: {fileID: 0}
    - target: {fileID: 2303394579267036199, guid: b4562fd92881cf045842035f52d17782,
        type: 3}
      propertyPath: m_LocalEulerAnglesHint.x
      value: 0
      objectReference: {fileID: 0}
    - target: {fileID: 2303394579267036199, guid: b4562fd92881cf045842035f52d17782,
        type: 3}
      propertyPath: m_LocalEulerAnglesHint.y
      value: 0
      objectReference: {fileID: 0}
    - target: {fileID: 2303394579267036199, guid: b4562fd92881cf045842035f52d17782,
        type: 3}
      propertyPath: m_LocalEulerAnglesHint.z
      value: 0
      objectReference: {fileID: 0}
    m_RemovedComponents: []
  m_SourcePrefab: {fileID: 100100000, guid: b4562fd92881cf045842035f52d17782, type: 3}
--- !u!4 &8247584190149089899 stripped
Transform:
  m_CorrespondingSourceObject: {fileID: 2303394579267036199, guid: b4562fd92881cf045842035f52d17782,
    type: 3}
  m_PrefabInstance: {fileID: 7890873027271032396}
  m_PrefabAsset: {fileID: 0}
--- !u!1001 &7890873027328808834
PrefabInstance:
  m_ObjectHideFlags: 0
  serializedVersion: 2
  m_Modification:
    m_TransformParent: {fileID: 8427868924415013194}
    m_Modifications:
    - target: {fileID: 1494242378997169821, guid: b4562fd92881cf045842035f52d17782,
        type: 3}
      propertyPath: m_Name
      value: Brick (4)
      objectReference: {fileID: 0}
    - target: {fileID: 2303394579267036199, guid: b4562fd92881cf045842035f52d17782,
        type: 3}
      propertyPath: m_LocalPosition.x
      value: 0
      objectReference: {fileID: 0}
    - target: {fileID: 2303394579267036199, guid: b4562fd92881cf045842035f52d17782,
        type: 3}
      propertyPath: m_LocalPosition.y
      value: 2
      objectReference: {fileID: 0}
    - target: {fileID: 2303394579267036199, guid: b4562fd92881cf045842035f52d17782,
        type: 3}
      propertyPath: m_LocalPosition.z
      value: 0
      objectReference: {fileID: 0}
    - target: {fileID: 2303394579267036199, guid: b4562fd92881cf045842035f52d17782,
        type: 3}
      propertyPath: m_LocalRotation.x
      value: -0
      objectReference: {fileID: 0}
    - target: {fileID: 2303394579267036199, guid: b4562fd92881cf045842035f52d17782,
        type: 3}
      propertyPath: m_LocalRotation.y
      value: -0
      objectReference: {fileID: 0}
    - target: {fileID: 2303394579267036199, guid: b4562fd92881cf045842035f52d17782,
        type: 3}
      propertyPath: m_LocalRotation.z
      value: -0
      objectReference: {fileID: 0}
    - target: {fileID: 2303394579267036199, guid: b4562fd92881cf045842035f52d17782,
        type: 3}
      propertyPath: m_LocalRotation.w
      value: 1
      objectReference: {fileID: 0}
    - target: {fileID: 2303394579267036199, guid: b4562fd92881cf045842035f52d17782,
        type: 3}
      propertyPath: m_RootOrder
      value: 4
      objectReference: {fileID: 0}
    - target: {fileID: 2303394579267036199, guid: b4562fd92881cf045842035f52d17782,
        type: 3}
      propertyPath: m_LocalEulerAnglesHint.x
      value: 0
      objectReference: {fileID: 0}
    - target: {fileID: 2303394579267036199, guid: b4562fd92881cf045842035f52d17782,
        type: 3}
      propertyPath: m_LocalEulerAnglesHint.y
      value: 0
      objectReference: {fileID: 0}
    - target: {fileID: 2303394579267036199, guid: b4562fd92881cf045842035f52d17782,
        type: 3}
      propertyPath: m_LocalEulerAnglesHint.z
      value: 0
      objectReference: {fileID: 0}
    m_RemovedComponents: []
  m_SourcePrefab: {fileID: 100100000, guid: b4562fd92881cf045842035f52d17782, type: 3}
--- !u!4 &8247584189988254629 stripped
Transform:
  m_CorrespondingSourceObject: {fileID: 2303394579267036199, guid: b4562fd92881cf045842035f52d17782,
    type: 3}
  m_PrefabInstance: {fileID: 7890873027328808834}
  m_PrefabAsset: {fileID: 0}
--- !u!1001 &7890873027559713037
PrefabInstance:
  m_ObjectHideFlags: 0
  serializedVersion: 2
  m_Modification:
    m_TransformParent: {fileID: 8427868924415013194}
    m_Modifications:
    - target: {fileID: 1494242378997169821, guid: b4562fd92881cf045842035f52d17782,
        type: 3}
      propertyPath: m_Name
      value: Brick (2)
      objectReference: {fileID: 0}
    - target: {fileID: 2303394579267036199, guid: b4562fd92881cf045842035f52d17782,
        type: 3}
      propertyPath: m_LocalPosition.x
      value: 0
      objectReference: {fileID: 0}
    - target: {fileID: 2303394579267036199, guid: b4562fd92881cf045842035f52d17782,
        type: 3}
      propertyPath: m_LocalPosition.y
      value: 1
      objectReference: {fileID: 0}
    - target: {fileID: 2303394579267036199, guid: b4562fd92881cf045842035f52d17782,
        type: 3}
      propertyPath: m_LocalPosition.z
      value: 0
      objectReference: {fileID: 0}
    - target: {fileID: 2303394579267036199, guid: b4562fd92881cf045842035f52d17782,
        type: 3}
      propertyPath: m_LocalRotation.x
      value: -0
      objectReference: {fileID: 0}
    - target: {fileID: 2303394579267036199, guid: b4562fd92881cf045842035f52d17782,
        type: 3}
      propertyPath: m_LocalRotation.y
      value: -0
      objectReference: {fileID: 0}
    - target: {fileID: 2303394579267036199, guid: b4562fd92881cf045842035f52d17782,
        type: 3}
      propertyPath: m_LocalRotation.z
      value: -0
      objectReference: {fileID: 0}
    - target: {fileID: 2303394579267036199, guid: b4562fd92881cf045842035f52d17782,
        type: 3}
      propertyPath: m_LocalRotation.w
      value: 1
      objectReference: {fileID: 0}
    - target: {fileID: 2303394579267036199, guid: b4562fd92881cf045842035f52d17782,
        type: 3}
      propertyPath: m_RootOrder
      value: 2
      objectReference: {fileID: 0}
    - target: {fileID: 2303394579267036199, guid: b4562fd92881cf045842035f52d17782,
        type: 3}
      propertyPath: m_LocalEulerAnglesHint.x
      value: 0
      objectReference: {fileID: 0}
    - target: {fileID: 2303394579267036199, guid: b4562fd92881cf045842035f52d17782,
        type: 3}
      propertyPath: m_LocalEulerAnglesHint.y
      value: 0
      objectReference: {fileID: 0}
    - target: {fileID: 2303394579267036199, guid: b4562fd92881cf045842035f52d17782,
        type: 3}
      propertyPath: m_LocalEulerAnglesHint.z
      value: 0
      objectReference: {fileID: 0}
    m_RemovedComponents: []
  m_SourcePrefab: {fileID: 100100000, guid: b4562fd92881cf045842035f52d17782, type: 3}
--- !u!4 &8247584189892644138 stripped
Transform:
  m_CorrespondingSourceObject: {fileID: 2303394579267036199, guid: b4562fd92881cf045842035f52d17782,
    type: 3}
  m_PrefabInstance: {fileID: 7890873027559713037}
  m_PrefabAsset: {fileID: 0}
--- !u!1001 &8502786624524229549
PrefabInstance:
  m_ObjectHideFlags: 0
  serializedVersion: 2
  m_Modification:
    m_TransformParent: {fileID: 8427868924415013194}
    m_Modifications:
    - target: {fileID: 1494242378997169821, guid: b4562fd92881cf045842035f52d17782,
        type: 3}
      propertyPath: m_Name
      value: Brick
      objectReference: {fileID: 0}
    - target: {fileID: 2303394579267036199, guid: b4562fd92881cf045842035f52d17782,
        type: 3}
      propertyPath: m_LocalPosition.x
      value: 0
      objectReference: {fileID: 0}
    - target: {fileID: 2303394579267036199, guid: b4562fd92881cf045842035f52d17782,
        type: 3}
      propertyPath: m_LocalPosition.y
      value: 0
      objectReference: {fileID: 0}
    - target: {fileID: 2303394579267036199, guid: b4562fd92881cf045842035f52d17782,
        type: 3}
      propertyPath: m_LocalPosition.z
      value: 0
      objectReference: {fileID: 0}
    - target: {fileID: 2303394579267036199, guid: b4562fd92881cf045842035f52d17782,
        type: 3}
      propertyPath: m_LocalRotation.x
      value: -0
      objectReference: {fileID: 0}
    - target: {fileID: 2303394579267036199, guid: b4562fd92881cf045842035f52d17782,
        type: 3}
      propertyPath: m_LocalRotation.y
      value: -0
      objectReference: {fileID: 0}
    - target: {fileID: 2303394579267036199, guid: b4562fd92881cf045842035f52d17782,
        type: 3}
      propertyPath: m_LocalRotation.z
      value: -0
      objectReference: {fileID: 0}
    - target: {fileID: 2303394579267036199, guid: b4562fd92881cf045842035f52d17782,
        type: 3}
      propertyPath: m_LocalRotation.w
      value: 1
      objectReference: {fileID: 0}
    - target: {fileID: 2303394579267036199, guid: b4562fd92881cf045842035f52d17782,
        type: 3}
      propertyPath: m_RootOrder
      value: 0
      objectReference: {fileID: 0}
    - target: {fileID: 2303394579267036199, guid: b4562fd92881cf045842035f52d17782,
        type: 3}
      propertyPath: m_LocalEulerAnglesHint.x
      value: 0
      objectReference: {fileID: 0}
    - target: {fileID: 2303394579267036199, guid: b4562fd92881cf045842035f52d17782,
        type: 3}
      propertyPath: m_LocalEulerAnglesHint.y
      value: 0
      objectReference: {fileID: 0}
    - target: {fileID: 2303394579267036199, guid: b4562fd92881cf045842035f52d17782,
        type: 3}
      propertyPath: m_LocalEulerAnglesHint.z
      value: 0
      objectReference: {fileID: 0}
    m_RemovedComponents: []
  m_SourcePrefab: {fileID: 100100000, guid: b4562fd92881cf045842035f52d17782, type: 3}
--- !u!4 &7640561589882470282 stripped
Transform:
  m_CorrespondingSourceObject: {fileID: 2303394579267036199, guid: b4562fd92881cf045842035f52d17782,
    type: 3}
  m_PrefabInstance: {fileID: 8502786624524229549}
  m_PrefabAsset: {fileID: 0}
