%YAML 1.1
%TAG !u! tag:unity3d.com,2011:
--- !u!1 &4445440043067179307
GameObject:
  m_ObjectHideFlags: 0
  m_CorrespondingSourceObject: {fileID: 0}
  m_PrefabInstance: {fileID: 0}
  m_PrefabAsset: {fileID: 0}
  serializedVersion: 6
  m_Component:
  - component: {fileID: 5394188879374589469}
  m_Layer: 0
  m_Name: GeminiSymbol
  m_TagString: Untagged
  m_Icon: {fileID: 0}
  m_NavMeshLayer: 0
  m_StaticEditorFlags: 0
  m_IsActive: 1
--- !u!4 &5394188879374589469
Transform:
  m_ObjectHideFlags: 0
  m_CorrespondingSourceObject: {fileID: 0}
  m_PrefabInstance: {fileID: 0}
  m_PrefabAsset: {fileID: 0}
  m_GameObject: {fileID: 4445440043067179307}
  m_LocalRotation: {x: 0, y: 0, z: 0, w: 1}
  m_LocalPosition: {x: 0, y: 0, z: 0}
  m_LocalScale: {x: 1, y: 1, z: 1}
  m_Children:
  - {fileID: 6062256720896544989}
  - {fileID: 5502415821200202498}
  - {fileID: 5502415820151497341}
  - {fileID: 5502415821498116451}
  - {fileID: 5502415819911716082}
  - {fileID: 5502415821317843205}
  - {fileID: 5502415820278890455}
  - {fileID: 5502415820439270716}
  - {fileID: 5502415821402157396}
  - {fileID: 5502415820296325443}
  - {fileID: 5502415821522569297}
  - {fileID: 5502415820968069360}
  - {fileID: 5502415821581866218}
  - {fileID: 5502415821194391276}
  - {fileID: 5502415821041811888}
  - {fileID: 5502415820260631007}
  - {fileID: 5502415820843629015}
  - {fileID: 5502415822051871426}
  - {fileID: 5502415820783274240}
  - {fileID: 5502415820826601751}
  - {fileID: 2619890497556957861}
  - {fileID: 5502415821323896862}
  - {fileID: 5502415820499131758}
  - {fileID: 5502415820449199643}
  - {fileID: 608556746753862378}
  - {fileID: 3787702752705230115}
  m_Father: {fileID: 0}
  m_RootOrder: 0
  m_LocalEulerAnglesHint: {x: 0, y: 0, z: 0}
--- !u!1001 &1694842239188717261
PrefabInstance:
  m_ObjectHideFlags: 0
  serializedVersion: 2
  m_Modification:
    m_TransformParent: {fileID: 5394188879374589469}
    m_Modifications:
    - target: {fileID: 1494242378997169821, guid: b4562fd92881cf045842035f52d17782,
        type: 3}
      propertyPath: m_Name
      value: Brick (24)
      objectReference: {fileID: 0}
    - target: {fileID: 2303394579267036199, guid: b4562fd92881cf045842035f52d17782,
        type: 3}
      propertyPath: m_LocalPosition.x
      value: 1.5
      objectReference: {fileID: 0}
    - target: {fileID: 2303394579267036199, guid: b4562fd92881cf045842035f52d17782,
        type: 3}
      propertyPath: m_LocalPosition.y
      value: -0.25
      objectReference: {fileID: 0}
    - target: {fileID: 2303394579267036199, guid: b4562fd92881cf045842035f52d17782,
        type: 3}
      propertyPath: m_LocalPosition.z
      value: 0
      objectReference: {fileID: 0}
    - target: {fileID: 2303394579267036199, guid: b4562fd92881cf045842035f52d17782,
        type: 3}
      propertyPath: m_LocalRotation.x
      value: -0
      objectReference: {fileID: 0}
    - target: {fileID: 2303394579267036199, guid: b4562fd92881cf045842035f52d17782,
        type: 3}
      propertyPath: m_LocalRotation.y
      value: -0
      objectReference: {fileID: 0}
    - target: {fileID: 2303394579267036199, guid: b4562fd92881cf045842035f52d17782,
        type: 3}
      propertyPath: m_LocalRotation.z
      value: -0
      objectReference: {fileID: 0}
    - target: {fileID: 2303394579267036199, guid: b4562fd92881cf045842035f52d17782,
        type: 3}
      propertyPath: m_LocalRotation.w
      value: 1
      objectReference: {fileID: 0}
    - target: {fileID: 2303394579267036199, guid: b4562fd92881cf045842035f52d17782,
        type: 3}
      propertyPath: m_RootOrder
      value: 24
      objectReference: {fileID: 0}
    - target: {fileID: 2303394579267036199, guid: b4562fd92881cf045842035f52d17782,
        type: 3}
      propertyPath: m_LocalEulerAnglesHint.x
      value: 0
      objectReference: {fileID: 0}
    - target: {fileID: 2303394579267036199, guid: b4562fd92881cf045842035f52d17782,
        type: 3}
      propertyPath: m_LocalEulerAnglesHint.y
      value: 0
      objectReference: {fileID: 0}
    - target: {fileID: 2303394579267036199, guid: b4562fd92881cf045842035f52d17782,
        type: 3}
      propertyPath: m_LocalEulerAnglesHint.z
      value: 0
      objectReference: {fileID: 0}
    m_RemovedComponents: []
  m_SourcePrefab: {fileID: 100100000, guid: b4562fd92881cf045842035f52d17782, type: 3}
--- !u!4 &608556746753862378 stripped
Transform:
  m_CorrespondingSourceObject: {fileID: 2303394579267036199, guid: b4562fd92881cf045842035f52d17782,
    type: 3}
  m_PrefabInstance: {fileID: 1694842239188717261}
  m_PrefabAsset: {fileID: 0}
--- !u!1001 &3127700186613551364
PrefabInstance:
  m_ObjectHideFlags: 0
  serializedVersion: 2
  m_Modification:
    m_TransformParent: {fileID: 5394188879374589469}
    m_Modifications:
    - target: {fileID: 1494242378997169821, guid: b4562fd92881cf045842035f52d17782,
        type: 3}
      propertyPath: m_Name
      value: Brick (25)
      objectReference: {fileID: 0}
    - target: {fileID: 2303394579267036199, guid: b4562fd92881cf045842035f52d17782,
        type: 3}
      propertyPath: m_LocalPosition.x
      value: 1.5
      objectReference: {fileID: 0}
    - target: {fileID: 2303394579267036199, guid: b4562fd92881cf045842035f52d17782,
        type: 3}
      propertyPath: m_LocalPosition.y
      value: 3.75
      objectReference: {fileID: 0}
    - target: {fileID: 2303394579267036199, guid: b4562fd92881cf045842035f52d17782,
        type: 3}
      propertyPath: m_LocalPosition.z
      value: 0
      objectReference: {fileID: 0}
    - target: {fileID: 2303394579267036199, guid: b4562fd92881cf045842035f52d17782,
        type: 3}
      propertyPath: m_LocalRotation.x
      value: -0
      objectReference: {fileID: 0}
    - target: {fileID: 2303394579267036199, guid: b4562fd92881cf045842035f52d17782,
        type: 3}
      propertyPath: m_LocalRotation.y
      value: -0
      objectReference: {fileID: 0}
    - target: {fileID: 2303394579267036199, guid: b4562fd92881cf045842035f52d17782,
        type: 3}
      propertyPath: m_LocalRotation.z
      value: -0
      objectReference: {fileID: 0}
    - target: {fileID: 2303394579267036199, guid: b4562fd92881cf045842035f52d17782,
        type: 3}
      propertyPath: m_LocalRotation.w
      value: 1
      objectReference: {fileID: 0}
    - target: {fileID: 2303394579267036199, guid: b4562fd92881cf045842035f52d17782,
        type: 3}
      propertyPath: m_RootOrder
      value: 25
      objectReference: {fileID: 0}
    - target: {fileID: 2303394579267036199, guid: b4562fd92881cf045842035f52d17782,
        type: 3}
      propertyPath: m_LocalEulerAnglesHint.x
      value: 0
      objectReference: {fileID: 0}
    - target: {fileID: 2303394579267036199, guid: b4562fd92881cf045842035f52d17782,
        type: 3}
      propertyPath: m_LocalEulerAnglesHint.y
      value: 0
      objectReference: {fileID: 0}
    - target: {fileID: 2303394579267036199, guid: b4562fd92881cf045842035f52d17782,
        type: 3}
      propertyPath: m_LocalEulerAnglesHint.z
      value: 0
      objectReference: {fileID: 0}
    m_RemovedComponents: []
  m_SourcePrefab: {fileID: 100100000, guid: b4562fd92881cf045842035f52d17782, type: 3}
--- !u!4 &3787702752705230115 stripped
Transform:
  m_CorrespondingSourceObject: {fileID: 2303394579267036199, guid: b4562fd92881cf045842035f52d17782,
    type: 3}
  m_PrefabInstance: {fileID: 3127700186613551364}
  m_PrefabAsset: {fileID: 0}
--- !u!1001 &4300081866058788482
PrefabInstance:
  m_ObjectHideFlags: 0
  serializedVersion: 2
  m_Modification:
    m_TransformParent: {fileID: 5394188879374589469}
    m_Modifications:
    - target: {fileID: 1494242378997169821, guid: b4562fd92881cf045842035f52d17782,
        type: 3}
      propertyPath: m_Name
      value: Brick (21)
      objectReference: {fileID: 0}
    - target: {fileID: 2303394579267036199, guid: b4562fd92881cf045842035f52d17782,
        type: 3}
      propertyPath: m_LocalPosition.x
      value: -0.5
      objectReference: {fileID: 0}
    - target: {fileID: 2303394579267036199, guid: b4562fd92881cf045842035f52d17782,
        type: 3}
      propertyPath: m_LocalPosition.y
      value: -0.25
      objectReference: {fileID: 0}
    - target: {fileID: 2303394579267036199, guid: b4562fd92881cf045842035f52d17782,
        type: 3}
      propertyPath: m_LocalPosition.z
      value: 0
      objectReference: {fileID: 0}
    - target: {fileID: 2303394579267036199, guid: b4562fd92881cf045842035f52d17782,
        type: 3}
      propertyPath: m_LocalRotation.x
      value: -0
      objectReference: {fileID: 0}
    - target: {fileID: 2303394579267036199, guid: b4562fd92881cf045842035f52d17782,
        type: 3}
      propertyPath: m_LocalRotation.y
      value: -0
      objectReference: {fileID: 0}
    - target: {fileID: 2303394579267036199, guid: b4562fd92881cf045842035f52d17782,
        type: 3}
      propertyPath: m_LocalRotation.z
      value: -0
      objectReference: {fileID: 0}
    - target: {fileID: 2303394579267036199, guid: b4562fd92881cf045842035f52d17782,
        type: 3}
      propertyPath: m_LocalRotation.w
      value: 1
      objectReference: {fileID: 0}
    - target: {fileID: 2303394579267036199, guid: b4562fd92881cf045842035f52d17782,
        type: 3}
      propertyPath: m_RootOrder
      value: 20
      objectReference: {fileID: 0}
    - target: {fileID: 2303394579267036199, guid: b4562fd92881cf045842035f52d17782,
        type: 3}
      propertyPath: m_LocalEulerAnglesHint.x
      value: 0
      objectReference: {fileID: 0}
    - target: {fileID: 2303394579267036199, guid: b4562fd92881cf045842035f52d17782,
        type: 3}
      propertyPath: m_LocalEulerAnglesHint.y
      value: 0
      objectReference: {fileID: 0}
    - target: {fileID: 2303394579267036199, guid: b4562fd92881cf045842035f52d17782,
        type: 3}
      propertyPath: m_LocalEulerAnglesHint.z
      value: 0
      objectReference: {fileID: 0}
    m_RemovedComponents: []
  m_SourcePrefab: {fileID: 100100000, guid: b4562fd92881cf045842035f52d17782, type: 3}
--- !u!4 &2619890497556957861 stripped
Transform:
  m_CorrespondingSourceObject: {fileID: 2303394579267036199, guid: b4562fd92881cf045842035f52d17782,
    type: 3}
  m_PrefabInstance: {fileID: 4300081866058788482}
  m_PrefabAsset: {fileID: 0}
--- !u!1001 &5464620567942853882
PrefabInstance:
  m_ObjectHideFlags: 0
  serializedVersion: 2
  m_Modification:
    m_TransformParent: {fileID: 5394188879374589469}
    m_Modifications:
    - target: {fileID: 1494242378997169821, guid: b4562fd92881cf045842035f52d17782,
        type: 3}
      propertyPath: m_Name
      value: Brick
      objectReference: {fileID: 0}
    - target: {fileID: 2303394579267036199, guid: b4562fd92881cf045842035f52d17782,
        type: 3}
      propertyPath: m_LocalPosition.x
      value: -1.5
      objectReference: {fileID: 0}
    - target: {fileID: 2303394579267036199, guid: b4562fd92881cf045842035f52d17782,
        type: 3}
      propertyPath: m_LocalPosition.y
      value: -0.25
      objectReference: {fileID: 0}
    - target: {fileID: 2303394579267036199, guid: b4562fd92881cf045842035f52d17782,
        type: 3}
      propertyPath: m_LocalPosition.z
      value: 0
      objectReference: {fileID: 0}
    - target: {fileID: 2303394579267036199, guid: b4562fd92881cf045842035f52d17782,
        type: 3}
      propertyPath: m_LocalRotation.x
      value: -0
      objectReference: {fileID: 0}
    - target: {fileID: 2303394579267036199, guid: b4562fd92881cf045842035f52d17782,
        type: 3}
      propertyPath: m_LocalRotation.y
      value: -0
      objectReference: {fileID: 0}
    - target: {fileID: 2303394579267036199, guid: b4562fd92881cf045842035f52d17782,
        type: 3}
      propertyPath: m_LocalRotation.z
      value: -0
      objectReference: {fileID: 0}
    - target: {fileID: 2303394579267036199, guid: b4562fd92881cf045842035f52d17782,
        type: 3}
      propertyPath: m_LocalRotation.w
      value: 1
      objectReference: {fileID: 0}
    - target: {fileID: 2303394579267036199, guid: b4562fd92881cf045842035f52d17782,
        type: 3}
      propertyPath: m_RootOrder
      value: 0
      objectReference: {fileID: 0}
    - target: {fileID: 2303394579267036199, guid: b4562fd92881cf045842035f52d17782,
        type: 3}
      propertyPath: m_LocalEulerAnglesHint.x
      value: 0
      objectReference: {fileID: 0}
    - target: {fileID: 2303394579267036199, guid: b4562fd92881cf045842035f52d17782,
        type: 3}
      propertyPath: m_LocalEulerAnglesHint.y
      value: 0
      objectReference: {fileID: 0}
    - target: {fileID: 2303394579267036199, guid: b4562fd92881cf045842035f52d17782,
        type: 3}
      propertyPath: m_LocalEulerAnglesHint.z
      value: 0
      objectReference: {fileID: 0}
    m_RemovedComponents: []
  m_SourcePrefab: {fileID: 100100000, guid: b4562fd92881cf045842035f52d17782, type: 3}
--- !u!4 &6062256720896544989 stripped
Transform:
  m_CorrespondingSourceObject: {fileID: 2303394579267036199, guid: b4562fd92881cf045842035f52d17782,
    type: 3}
  m_PrefabInstance: {fileID: 5464620567942853882}
  m_PrefabAsset: {fileID: 0}
--- !u!1001 &6029140275482439397
PrefabInstance:
  m_ObjectHideFlags: 0
  serializedVersion: 2
  m_Modification:
    m_TransformParent: {fileID: 5394188879374589469}
    m_Modifications:
    - target: {fileID: 1494242378997169821, guid: b4562fd92881cf045842035f52d17782,
        type: 3}
      propertyPath: m_Name
      value: Brick (18)
      objectReference: {fileID: 0}
    - target: {fileID: 2303394579267036199, guid: b4562fd92881cf045842035f52d17782,
        type: 3}
      propertyPath: m_LocalPosition.x
      value: 0.5
      objectReference: {fileID: 0}
    - target: {fileID: 2303394579267036199, guid: b4562fd92881cf045842035f52d17782,
        type: 3}
      propertyPath: m_LocalPosition.y
      value: 3.75
      objectReference: {fileID: 0}
    - target: {fileID: 2303394579267036199, guid: b4562fd92881cf045842035f52d17782,
        type: 3}
      propertyPath: m_LocalPosition.z
      value: 0
      objectReference: {fileID: 0}
    - target: {fileID: 2303394579267036199, guid: b4562fd92881cf045842035f52d17782,
        type: 3}
      propertyPath: m_LocalRotation.x
      value: -0
      objectReference: {fileID: 0}
    - target: {fileID: 2303394579267036199, guid: b4562fd92881cf045842035f52d17782,
        type: 3}
      propertyPath: m_LocalRotation.y
      value: -0
      objectReference: {fileID: 0}
    - target: {fileID: 2303394579267036199, guid: b4562fd92881cf045842035f52d17782,
        type: 3}
      propertyPath: m_LocalRotation.z
      value: -0
      objectReference: {fileID: 0}
    - target: {fileID: 2303394579267036199, guid: b4562fd92881cf045842035f52d17782,
        type: 3}
      propertyPath: m_LocalRotation.w
      value: 1
      objectReference: {fileID: 0}
    - target: {fileID: 2303394579267036199, guid: b4562fd92881cf045842035f52d17782,
        type: 3}
      propertyPath: m_RootOrder
      value: 17
      objectReference: {fileID: 0}
    - target: {fileID: 2303394579267036199, guid: b4562fd92881cf045842035f52d17782,
        type: 3}
      propertyPath: m_LocalEulerAnglesHint.x
      value: 0
      objectReference: {fileID: 0}
    - target: {fileID: 2303394579267036199, guid: b4562fd92881cf045842035f52d17782,
        type: 3}
      propertyPath: m_LocalEulerAnglesHint.y
      value: 0
      objectReference: {fileID: 0}
    - target: {fileID: 2303394579267036199, guid: b4562fd92881cf045842035f52d17782,
        type: 3}
      propertyPath: m_LocalEulerAnglesHint.z
      value: 0
      objectReference: {fileID: 0}
    m_RemovedComponents: []
  m_SourcePrefab: {fileID: 100100000, guid: b4562fd92881cf045842035f52d17782, type: 3}
--- !u!4 &5502415822051871426 stripped
Transform:
  m_CorrespondingSourceObject: {fileID: 2303394579267036199, guid: b4562fd92881cf045842035f52d17782,
    type: 3}
  m_PrefabInstance: {fileID: 6029140275482439397}
  m_PrefabAsset: {fileID: 0}
--- !u!1001 &6029140275818262733
PrefabInstance:
  m_ObjectHideFlags: 0
  serializedVersion: 2
  m_Modification:
    m_TransformParent: {fileID: 5394188879374589469}
    m_Modifications:
    - target: {fileID: 1494242378997169821, guid: b4562fd92881cf045842035f52d17782,
        type: 3}
      propertyPath: m_Name
      value: Brick (12)
      objectReference: {fileID: 0}
    - target: {fileID: 2303394579267036199, guid: b4562fd92881cf045842035f52d17782,
        type: 3}
      propertyPath: m_LocalPosition.x
      value: -1.25
      objectReference: {fileID: 0}
    - target: {fileID: 2303394579267036199, guid: b4562fd92881cf045842035f52d17782,
        type: 3}
      propertyPath: m_LocalPosition.y
      value: 2.75
      objectReference: {fileID: 0}
    - target: {fileID: 2303394579267036199, guid: b4562fd92881cf045842035f52d17782,
        type: 3}
      propertyPath: m_LocalPosition.z
      value: 0
      objectReference: {fileID: 0}
    - target: {fileID: 2303394579267036199, guid: b4562fd92881cf045842035f52d17782,
        type: 3}
      propertyPath: m_LocalRotation.x
      value: -0
      objectReference: {fileID: 0}
    - target: {fileID: 2303394579267036199, guid: b4562fd92881cf045842035f52d17782,
        type: 3}
      propertyPath: m_LocalRotation.y
      value: -0
      objectReference: {fileID: 0}
    - target: {fileID: 2303394579267036199, guid: b4562fd92881cf045842035f52d17782,
        type: 3}
      propertyPath: m_LocalRotation.z
      value: -0
      objectReference: {fileID: 0}
    - target: {fileID: 2303394579267036199, guid: b4562fd92881cf045842035f52d17782,
        type: 3}
      propertyPath: m_LocalRotation.w
      value: 1
      objectReference: {fileID: 0}
    - target: {fileID: 2303394579267036199, guid: b4562fd92881cf045842035f52d17782,
        type: 3}
      propertyPath: m_RootOrder
      value: 12
      objectReference: {fileID: 0}
    - target: {fileID: 2303394579267036199, guid: b4562fd92881cf045842035f52d17782,
        type: 3}
      propertyPath: m_LocalEulerAnglesHint.x
      value: 0
      objectReference: {fileID: 0}
    - target: {fileID: 2303394579267036199, guid: b4562fd92881cf045842035f52d17782,
        type: 3}
      propertyPath: m_LocalEulerAnglesHint.y
      value: 0
      objectReference: {fileID: 0}
    - target: {fileID: 2303394579267036199, guid: b4562fd92881cf045842035f52d17782,
        type: 3}
      propertyPath: m_LocalEulerAnglesHint.z
      value: 0
      objectReference: {fileID: 0}
    m_RemovedComponents: []
  m_SourcePrefab: {fileID: 100100000, guid: b4562fd92881cf045842035f52d17782, type: 3}
--- !u!4 &5502415821581866218 stripped
Transform:
  m_CorrespondingSourceObject: {fileID: 2303394579267036199, guid: b4562fd92881cf045842035f52d17782,
    type: 3}
  m_PrefabInstance: {fileID: 6029140275818262733}
  m_PrefabAsset: {fileID: 0}
--- !u!1001 &6029140275842133110
PrefabInstance:
  m_ObjectHideFlags: 0
  serializedVersion: 2
  m_Modification:
    m_TransformParent: {fileID: 5394188879374589469}
    m_Modifications:
    - target: {fileID: 1494242378997169821, guid: b4562fd92881cf045842035f52d17782,
        type: 3}
      propertyPath: m_Name
      value: Brick (10)
      objectReference: {fileID: 0}
    - target: {fileID: 2303394579267036199, guid: b4562fd92881cf045842035f52d17782,
        type: 3}
      propertyPath: m_LocalPosition.x
      value: 1.25
      objectReference: {fileID: 0}
    - target: {fileID: 2303394579267036199, guid: b4562fd92881cf045842035f52d17782,
        type: 3}
      propertyPath: m_LocalPosition.y
      value: 2.25
      objectReference: {fileID: 0}
    - target: {fileID: 2303394579267036199, guid: b4562fd92881cf045842035f52d17782,
        type: 3}
      propertyPath: m_LocalPosition.z
      value: 0
      objectReference: {fileID: 0}
    - target: {fileID: 2303394579267036199, guid: b4562fd92881cf045842035f52d17782,
        type: 3}
      propertyPath: m_LocalRotation.x
      value: -0
      objectReference: {fileID: 0}
    - target: {fileID: 2303394579267036199, guid: b4562fd92881cf045842035f52d17782,
        type: 3}
      propertyPath: m_LocalRotation.y
      value: -0
      objectReference: {fileID: 0}
    - target: {fileID: 2303394579267036199, guid: b4562fd92881cf045842035f52d17782,
        type: 3}
      propertyPath: m_LocalRotation.z
      value: -0
      objectReference: {fileID: 0}
    - target: {fileID: 2303394579267036199, guid: b4562fd92881cf045842035f52d17782,
        type: 3}
      propertyPath: m_LocalRotation.w
      value: 1
      objectReference: {fileID: 0}
    - target: {fileID: 2303394579267036199, guid: b4562fd92881cf045842035f52d17782,
        type: 3}
      propertyPath: m_RootOrder
      value: 10
      objectReference: {fileID: 0}
    - target: {fileID: 2303394579267036199, guid: b4562fd92881cf045842035f52d17782,
        type: 3}
      propertyPath: m_LocalEulerAnglesHint.x
      value: 0
      objectReference: {fileID: 0}
    - target: {fileID: 2303394579267036199, guid: b4562fd92881cf045842035f52d17782,
        type: 3}
      propertyPath: m_LocalEulerAnglesHint.y
      value: 0
      objectReference: {fileID: 0}
    - target: {fileID: 2303394579267036199, guid: b4562fd92881cf045842035f52d17782,
        type: 3}
      propertyPath: m_LocalEulerAnglesHint.z
      value: 0
      objectReference: {fileID: 0}
    m_RemovedComponents: []
  m_SourcePrefab: {fileID: 100100000, guid: b4562fd92881cf045842035f52d17782, type: 3}
--- !u!4 &5502415821522569297 stripped
Transform:
  m_CorrespondingSourceObject: {fileID: 2303394579267036199, guid: b4562fd92881cf045842035f52d17782,
    type: 3}
  m_PrefabInstance: {fileID: 6029140275842133110}
  m_PrefabAsset: {fileID: 0}
--- !u!1001 &6029140275999249779
PrefabInstance:
  m_ObjectHideFlags: 0
  serializedVersion: 2
  m_Modification:
    m_TransformParent: {fileID: 5394188879374589469}
    m_Modifications:
    - target: {fileID: 1494242378997169821, guid: b4562fd92881cf045842035f52d17782,
        type: 3}
      propertyPath: m_Name
      value: Brick (8)
      objectReference: {fileID: 0}
    - target: {fileID: 2303394579267036199, guid: b4562fd92881cf045842035f52d17782,
        type: 3}
      propertyPath: m_LocalPosition.x
      value: -1.25
      objectReference: {fileID: 0}
    - target: {fileID: 2303394579267036199, guid: b4562fd92881cf045842035f52d17782,
        type: 3}
      propertyPath: m_LocalPosition.y
      value: 1.75
      objectReference: {fileID: 0}
    - target: {fileID: 2303394579267036199, guid: b4562fd92881cf045842035f52d17782,
        type: 3}
      propertyPath: m_LocalPosition.z
      value: 0
      objectReference: {fileID: 0}
    - target: {fileID: 2303394579267036199, guid: b4562fd92881cf045842035f52d17782,
        type: 3}
      propertyPath: m_LocalRotation.x
      value: -0
      objectReference: {fileID: 0}
    - target: {fileID: 2303394579267036199, guid: b4562fd92881cf045842035f52d17782,
        type: 3}
      propertyPath: m_LocalRotation.y
      value: -0
      objectReference: {fileID: 0}
    - target: {fileID: 2303394579267036199, guid: b4562fd92881cf045842035f52d17782,
        type: 3}
      propertyPath: m_LocalRotation.z
      value: -0
      objectReference: {fileID: 0}
    - target: {fileID: 2303394579267036199, guid: b4562fd92881cf045842035f52d17782,
        type: 3}
      propertyPath: m_LocalRotation.w
      value: 1
      objectReference: {fileID: 0}
    - target: {fileID: 2303394579267036199, guid: b4562fd92881cf045842035f52d17782,
        type: 3}
      propertyPath: m_RootOrder
      value: 8
      objectReference: {fileID: 0}
    - target: {fileID: 2303394579267036199, guid: b4562fd92881cf045842035f52d17782,
        type: 3}
      propertyPath: m_LocalEulerAnglesHint.x
      value: 0
      objectReference: {fileID: 0}
    - target: {fileID: 2303394579267036199, guid: b4562fd92881cf045842035f52d17782,
        type: 3}
      propertyPath: m_LocalEulerAnglesHint.y
      value: 0
      objectReference: {fileID: 0}
    - target: {fileID: 2303394579267036199, guid: b4562fd92881cf045842035f52d17782,
        type: 3}
      propertyPath: m_LocalEulerAnglesHint.z
      value: 0
      objectReference: {fileID: 0}
    m_RemovedComponents: []
  m_SourcePrefab: {fileID: 100100000, guid: b4562fd92881cf045842035f52d17782, type: 3}
--- !u!4 &5502415821402157396 stripped
Transform:
  m_CorrespondingSourceObject: {fileID: 2303394579267036199, guid: b4562fd92881cf045842035f52d17782,
    type: 3}
  m_PrefabInstance: {fileID: 6029140275999249779}
  m_PrefabAsset: {fileID: 0}
--- !u!1001 &6029140276002934084
PrefabInstance:
  m_ObjectHideFlags: 0
  serializedVersion: 2
  m_Modification:
    m_TransformParent: {fileID: 5394188879374589469}
    m_Modifications:
    - target: {fileID: 1494242378997169821, guid: b4562fd92881cf045842035f52d17782,
        type: 3}
      propertyPath: m_Name
      value: Brick (3)
      objectReference: {fileID: 0}
    - target: {fileID: 2303394579267036199, guid: b4562fd92881cf045842035f52d17782,
        type: 3}
      propertyPath: m_LocalPosition.x
      value: 2.5
      objectReference: {fileID: 0}
    - target: {fileID: 2303394579267036199, guid: b4562fd92881cf045842035f52d17782,
        type: 3}
      propertyPath: m_LocalPosition.y
      value: -0.5
      objectReference: {fileID: 0}
    - target: {fileID: 2303394579267036199, guid: b4562fd92881cf045842035f52d17782,
        type: 3}
      propertyPath: m_LocalPosition.z
      value: 0
      objectReference: {fileID: 0}
    - target: {fileID: 2303394579267036199, guid: b4562fd92881cf045842035f52d17782,
        type: 3}
      propertyPath: m_LocalRotation.x
      value: -0
      objectReference: {fileID: 0}
    - target: {fileID: 2303394579267036199, guid: b4562fd92881cf045842035f52d17782,
        type: 3}
      propertyPath: m_LocalRotation.y
      value: -0
      objectReference: {fileID: 0}
    - target: {fileID: 2303394579267036199, guid: b4562fd92881cf045842035f52d17782,
        type: 3}
      propertyPath: m_LocalRotation.z
      value: -0
      objectReference: {fileID: 0}
    - target: {fileID: 2303394579267036199, guid: b4562fd92881cf045842035f52d17782,
        type: 3}
      propertyPath: m_LocalRotation.w
      value: 1
      objectReference: {fileID: 0}
    - target: {fileID: 2303394579267036199, guid: b4562fd92881cf045842035f52d17782,
        type: 3}
      propertyPath: m_RootOrder
      value: 3
      objectReference: {fileID: 0}
    - target: {fileID: 2303394579267036199, guid: b4562fd92881cf045842035f52d17782,
        type: 3}
      propertyPath: m_LocalEulerAnglesHint.x
      value: 0
      objectReference: {fileID: 0}
    - target: {fileID: 2303394579267036199, guid: b4562fd92881cf045842035f52d17782,
        type: 3}
      propertyPath: m_LocalEulerAnglesHint.y
      value: 0
      objectReference: {fileID: 0}
    - target: {fileID: 2303394579267036199, guid: b4562fd92881cf045842035f52d17782,
        type: 3}
      propertyPath: m_LocalEulerAnglesHint.z
      value: 0
      objectReference: {fileID: 0}
    m_RemovedComponents: []
  m_SourcePrefab: {fileID: 100100000, guid: b4562fd92881cf045842035f52d17782, type: 3}
--- !u!4 &5502415821498116451 stripped
Transform:
  m_CorrespondingSourceObject: {fileID: 2303394579267036199, guid: b4562fd92881cf045842035f52d17782,
    type: 3}
  m_PrefabInstance: {fileID: 6029140276002934084}
  m_PrefabAsset: {fileID: 0}
--- !u!1001 &6029140276172663865
PrefabInstance:
  m_ObjectHideFlags: 0
  serializedVersion: 2
  m_Modification:
    m_TransformParent: {fileID: 5394188879374589469}
    m_Modifications:
    - target: {fileID: 1494242378997169821, guid: b4562fd92881cf045842035f52d17782,
        type: 3}
      propertyPath: m_Name
      value: Brick (15)
      objectReference: {fileID: 0}
    - target: {fileID: 2303394579267036199, guid: b4562fd92881cf045842035f52d17782,
        type: 3}
      propertyPath: m_LocalPosition.x
      value: -1.5
      objectReference: {fileID: 0}
    - target: {fileID: 2303394579267036199, guid: b4562fd92881cf045842035f52d17782,
        type: 3}
      propertyPath: m_LocalPosition.y
      value: 3.75
      objectReference: {fileID: 0}
    - target: {fileID: 2303394579267036199, guid: b4562fd92881cf045842035f52d17782,
        type: 3}
      propertyPath: m_LocalPosition.z
      value: 0
      objectReference: {fileID: 0}
    - target: {fileID: 2303394579267036199, guid: b4562fd92881cf045842035f52d17782,
        type: 3}
      propertyPath: m_LocalRotation.x
      value: -0
      objectReference: {fileID: 0}
    - target: {fileID: 2303394579267036199, guid: b4562fd92881cf045842035f52d17782,
        type: 3}
      propertyPath: m_LocalRotation.y
      value: -0
      objectReference: {fileID: 0}
    - target: {fileID: 2303394579267036199, guid: b4562fd92881cf045842035f52d17782,
        type: 3}
      propertyPath: m_LocalRotation.z
      value: -0
      objectReference: {fileID: 0}
    - target: {fileID: 2303394579267036199, guid: b4562fd92881cf045842035f52d17782,
        type: 3}
      propertyPath: m_LocalRotation.w
      value: 1
      objectReference: {fileID: 0}
    - target: {fileID: 2303394579267036199, guid: b4562fd92881cf045842035f52d17782,
        type: 3}
      propertyPath: m_RootOrder
      value: 21
      objectReference: {fileID: 0}
    - target: {fileID: 2303394579267036199, guid: b4562fd92881cf045842035f52d17782,
        type: 3}
      propertyPath: m_LocalEulerAnglesHint.x
      value: 0
      objectReference: {fileID: 0}
    - target: {fileID: 2303394579267036199, guid: b4562fd92881cf045842035f52d17782,
        type: 3}
      propertyPath: m_LocalEulerAnglesHint.y
      value: 0
      objectReference: {fileID: 0}
    - target: {fileID: 2303394579267036199, guid: b4562fd92881cf045842035f52d17782,
        type: 3}
      propertyPath: m_LocalEulerAnglesHint.z
      value: 0
      objectReference: {fileID: 0}
    m_RemovedComponents: []
  m_SourcePrefab: {fileID: 100100000, guid: b4562fd92881cf045842035f52d17782, type: 3}
--- !u!4 &5502415821323896862 stripped
Transform:
  m_CorrespondingSourceObject: {fileID: 2303394579267036199, guid: b4562fd92881cf045842035f52d17782,
    type: 3}
  m_PrefabInstance: {fileID: 6029140276172663865}
  m_PrefabAsset: {fileID: 0}
--- !u!1001 &6029140276183174434
PrefabInstance:
  m_ObjectHideFlags: 0
  serializedVersion: 2
  m_Modification:
    m_TransformParent: {fileID: 5394188879374589469}
    m_Modifications:
    - target: {fileID: 1494242378997169821, guid: b4562fd92881cf045842035f52d17782,
        type: 3}
      propertyPath: m_Name
      value: Brick (5)
      objectReference: {fileID: 0}
    - target: {fileID: 2303394579267036199, guid: b4562fd92881cf045842035f52d17782,
        type: 3}
      propertyPath: m_LocalPosition.x
      value: 1.25
      objectReference: {fileID: 0}
    - target: {fileID: 2303394579267036199, guid: b4562fd92881cf045842035f52d17782,
        type: 3}
      propertyPath: m_LocalPosition.y
      value: 0.25
      objectReference: {fileID: 0}
    - target: {fileID: 2303394579267036199, guid: b4562fd92881cf045842035f52d17782,
        type: 3}
      propertyPath: m_LocalPosition.z
      value: 0
      objectReference: {fileID: 0}
    - target: {fileID: 2303394579267036199, guid: b4562fd92881cf045842035f52d17782,
        type: 3}
      propertyPath: m_LocalRotation.x
      value: -0
      objectReference: {fileID: 0}
    - target: {fileID: 2303394579267036199, guid: b4562fd92881cf045842035f52d17782,
        type: 3}
      propertyPath: m_LocalRotation.y
      value: -0
      objectReference: {fileID: 0}
    - target: {fileID: 2303394579267036199, guid: b4562fd92881cf045842035f52d17782,
        type: 3}
      propertyPath: m_LocalRotation.z
      value: -0
      objectReference: {fileID: 0}
    - target: {fileID: 2303394579267036199, guid: b4562fd92881cf045842035f52d17782,
        type: 3}
      propertyPath: m_LocalRotation.w
      value: 1
      objectReference: {fileID: 0}
    - target: {fileID: 2303394579267036199, guid: b4562fd92881cf045842035f52d17782,
        type: 3}
      propertyPath: m_RootOrder
      value: 5
      objectReference: {fileID: 0}
    - target: {fileID: 2303394579267036199, guid: b4562fd92881cf045842035f52d17782,
        type: 3}
      propertyPath: m_LocalEulerAnglesHint.x
      value: 0
      objectReference: {fileID: 0}
    - target: {fileID: 2303394579267036199, guid: b4562fd92881cf045842035f52d17782,
        type: 3}
      propertyPath: m_LocalEulerAnglesHint.y
      value: 0
      objectReference: {fileID: 0}
    - target: {fileID: 2303394579267036199, guid: b4562fd92881cf045842035f52d17782,
        type: 3}
      propertyPath: m_LocalEulerAnglesHint.z
      value: 0
      objectReference: {fileID: 0}
    m_RemovedComponents: []
  m_SourcePrefab: {fileID: 100100000, guid: b4562fd92881cf045842035f52d17782, type: 3}
--- !u!4 &5502415821317843205 stripped
Transform:
  m_CorrespondingSourceObject: {fileID: 2303394579267036199, guid: b4562fd92881cf045842035f52d17782,
    type: 3}
  m_PrefabInstance: {fileID: 6029140276183174434}
  m_PrefabAsset: {fileID: 0}
--- !u!1001 &6029140276302465739
PrefabInstance:
  m_ObjectHideFlags: 0
  serializedVersion: 2
  m_Modification:
    m_TransformParent: {fileID: 5394188879374589469}
    m_Modifications:
    - target: {fileID: 1494242378997169821, guid: b4562fd92881cf045842035f52d17782,
        type: 3}
      propertyPath: m_Name
      value: Brick (13)
      objectReference: {fileID: 0}
    - target: {fileID: 2303394579267036199, guid: b4562fd92881cf045842035f52d17782,
        type: 3}
      propertyPath: m_LocalPosition.x
      value: -1.25
      objectReference: {fileID: 0}
    - target: {fileID: 2303394579267036199, guid: b4562fd92881cf045842035f52d17782,
        type: 3}
      propertyPath: m_LocalPosition.y
      value: 3.25
      objectReference: {fileID: 0}
    - target: {fileID: 2303394579267036199, guid: b4562fd92881cf045842035f52d17782,
        type: 3}
      propertyPath: m_LocalPosition.z
      value: 0
      objectReference: {fileID: 0}
    - target: {fileID: 2303394579267036199, guid: b4562fd92881cf045842035f52d17782,
        type: 3}
      propertyPath: m_LocalRotation.x
      value: -0
      objectReference: {fileID: 0}
    - target: {fileID: 2303394579267036199, guid: b4562fd92881cf045842035f52d17782,
        type: 3}
      propertyPath: m_LocalRotation.y
      value: -0
      objectReference: {fileID: 0}
    - target: {fileID: 2303394579267036199, guid: b4562fd92881cf045842035f52d17782,
        type: 3}
      propertyPath: m_LocalRotation.z
      value: -0
      objectReference: {fileID: 0}
    - target: {fileID: 2303394579267036199, guid: b4562fd92881cf045842035f52d17782,
        type: 3}
      propertyPath: m_LocalRotation.w
      value: 1
      objectReference: {fileID: 0}
    - target: {fileID: 2303394579267036199, guid: b4562fd92881cf045842035f52d17782,
        type: 3}
      propertyPath: m_RootOrder
      value: 13
      objectReference: {fileID: 0}
    - target: {fileID: 2303394579267036199, guid: b4562fd92881cf045842035f52d17782,
        type: 3}
      propertyPath: m_LocalEulerAnglesHint.x
      value: 0
      objectReference: {fileID: 0}
    - target: {fileID: 2303394579267036199, guid: b4562fd92881cf045842035f52d17782,
        type: 3}
      propertyPath: m_LocalEulerAnglesHint.y
      value: 0
      objectReference: {fileID: 0}
    - target: {fileID: 2303394579267036199, guid: b4562fd92881cf045842035f52d17782,
        type: 3}
      propertyPath: m_LocalEulerAnglesHint.z
      value: 0
      objectReference: {fileID: 0}
    m_RemovedComponents: []
  m_SourcePrefab: {fileID: 100100000, guid: b4562fd92881cf045842035f52d17782, type: 3}
--- !u!4 &5502415821194391276 stripped
Transform:
  m_CorrespondingSourceObject: {fileID: 2303394579267036199, guid: b4562fd92881cf045842035f52d17782,
    type: 3}
  m_PrefabInstance: {fileID: 6029140276302465739}
  m_PrefabAsset: {fileID: 0}
--- !u!1001 &6029140276334116645
PrefabInstance:
  m_ObjectHideFlags: 0
  serializedVersion: 2
  m_Modification:
    m_TransformParent: {fileID: 5394188879374589469}
    m_Modifications:
    - target: {fileID: 1494242378997169821, guid: b4562fd92881cf045842035f52d17782,
        type: 3}
      propertyPath: m_Name
      value: Brick (1)
      objectReference: {fileID: 0}
    - target: {fileID: 2303394579267036199, guid: b4562fd92881cf045842035f52d17782,
        type: 3}
      propertyPath: m_LocalPosition.x
      value: 0.5
      objectReference: {fileID: 0}
    - target: {fileID: 2303394579267036199, guid: b4562fd92881cf045842035f52d17782,
        type: 3}
      propertyPath: m_LocalPosition.y
      value: -0.25
      objectReference: {fileID: 0}
    - target: {fileID: 2303394579267036199, guid: b4562fd92881cf045842035f52d17782,
        type: 3}
      propertyPath: m_LocalPosition.z
      value: 0
      objectReference: {fileID: 0}
    - target: {fileID: 2303394579267036199, guid: b4562fd92881cf045842035f52d17782,
        type: 3}
      propertyPath: m_LocalRotation.x
      value: -0
      objectReference: {fileID: 0}
    - target: {fileID: 2303394579267036199, guid: b4562fd92881cf045842035f52d17782,
        type: 3}
      propertyPath: m_LocalRotation.y
      value: -0
      objectReference: {fileID: 0}
    - target: {fileID: 2303394579267036199, guid: b4562fd92881cf045842035f52d17782,
        type: 3}
      propertyPath: m_LocalRotation.z
      value: -0
      objectReference: {fileID: 0}
    - target: {fileID: 2303394579267036199, guid: b4562fd92881cf045842035f52d17782,
        type: 3}
      propertyPath: m_LocalRotation.w
      value: 1
      objectReference: {fileID: 0}
    - target: {fileID: 2303394579267036199, guid: b4562fd92881cf045842035f52d17782,
        type: 3}
      propertyPath: m_RootOrder
      value: 1
      objectReference: {fileID: 0}
    - target: {fileID: 2303394579267036199, guid: b4562fd92881cf045842035f52d17782,
        type: 3}
      propertyPath: m_LocalEulerAnglesHint.x
      value: 0
      objectReference: {fileID: 0}
    - target: {fileID: 2303394579267036199, guid: b4562fd92881cf045842035f52d17782,
        type: 3}
      propertyPath: m_LocalEulerAnglesHint.y
      value: 0
      objectReference: {fileID: 0}
    - target: {fileID: 2303394579267036199, guid: b4562fd92881cf045842035f52d17782,
        type: 3}
      propertyPath: m_LocalEulerAnglesHint.z
      value: 0
      objectReference: {fileID: 0}
    m_RemovedComponents: []
  m_SourcePrefab: {fileID: 100100000, guid: b4562fd92881cf045842035f52d17782, type: 3}
--- !u!4 &5502415821200202498 stripped
Transform:
  m_CorrespondingSourceObject: {fileID: 2303394579267036199, guid: b4562fd92881cf045842035f52d17782,
    type: 3}
  m_PrefabInstance: {fileID: 6029140276334116645}
  m_PrefabAsset: {fileID: 0}
--- !u!1001 &6029140276359619991
PrefabInstance:
  m_ObjectHideFlags: 0
  serializedVersion: 2
  m_Modification:
    m_TransformParent: {fileID: 5394188879374589469}
    m_Modifications:
    - target: {fileID: 1494242378997169821, guid: b4562fd92881cf045842035f52d17782,
        type: 3}
      propertyPath: m_Name
      value: Brick (14)
      objectReference: {fileID: 0}
    - target: {fileID: 2303394579267036199, guid: b4562fd92881cf045842035f52d17782,
        type: 3}
      propertyPath: m_LocalPosition.x
      value: -0.5
      objectReference: {fileID: 0}
    - target: {fileID: 2303394579267036199, guid: b4562fd92881cf045842035f52d17782,
        type: 3}
      propertyPath: m_LocalPosition.y
      value: 3.75
      objectReference: {fileID: 0}
    - target: {fileID: 2303394579267036199, guid: b4562fd92881cf045842035f52d17782,
        type: 3}
      propertyPath: m_LocalPosition.z
      value: 0
      objectReference: {fileID: 0}
    - target: {fileID: 2303394579267036199, guid: b4562fd92881cf045842035f52d17782,
        type: 3}
      propertyPath: m_LocalRotation.x
      value: -0
      objectReference: {fileID: 0}
    - target: {fileID: 2303394579267036199, guid: b4562fd92881cf045842035f52d17782,
        type: 3}
      propertyPath: m_LocalRotation.y
      value: -0
      objectReference: {fileID: 0}
    - target: {fileID: 2303394579267036199, guid: b4562fd92881cf045842035f52d17782,
        type: 3}
      propertyPath: m_LocalRotation.z
      value: -0
      objectReference: {fileID: 0}
    - target: {fileID: 2303394579267036199, guid: b4562fd92881cf045842035f52d17782,
        type: 3}
      propertyPath: m_LocalRotation.w
      value: 1
      objectReference: {fileID: 0}
    - target: {fileID: 2303394579267036199, guid: b4562fd92881cf045842035f52d17782,
        type: 3}
      propertyPath: m_RootOrder
      value: 14
      objectReference: {fileID: 0}
    - target: {fileID: 2303394579267036199, guid: b4562fd92881cf045842035f52d17782,
        type: 3}
      propertyPath: m_LocalEulerAnglesHint.x
      value: 0
      objectReference: {fileID: 0}
    - target: {fileID: 2303394579267036199, guid: b4562fd92881cf045842035f52d17782,
        type: 3}
      propertyPath: m_LocalEulerAnglesHint.y
      value: 0
      objectReference: {fileID: 0}
    - target: {fileID: 2303394579267036199, guid: b4562fd92881cf045842035f52d17782,
        type: 3}
      propertyPath: m_LocalEulerAnglesHint.z
      value: 0
      objectReference: {fileID: 0}
    m_RemovedComponents: []
  m_SourcePrefab: {fileID: 100100000, guid: b4562fd92881cf045842035f52d17782, type: 3}
--- !u!4 &5502415821041811888 stripped
Transform:
  m_CorrespondingSourceObject: {fileID: 2303394579267036199, guid: b4562fd92881cf045842035f52d17782,
    type: 3}
  m_PrefabInstance: {fileID: 6029140276359619991}
  m_PrefabAsset: {fileID: 0}
--- !u!1001 &6029140276563356887
PrefabInstance:
  m_ObjectHideFlags: 0
  serializedVersion: 2
  m_Modification:
    m_TransformParent: {fileID: 5394188879374589469}
    m_Modifications:
    - target: {fileID: 1494242378997169821, guid: b4562fd92881cf045842035f52d17782,
        type: 3}
      propertyPath: m_Name
      value: Brick (11)
      objectReference: {fileID: 0}
    - target: {fileID: 2303394579267036199, guid: b4562fd92881cf045842035f52d17782,
        type: 3}
      propertyPath: m_LocalPosition.x
      value: -1.25
      objectReference: {fileID: 0}
    - target: {fileID: 2303394579267036199, guid: b4562fd92881cf045842035f52d17782,
        type: 3}
      propertyPath: m_LocalPosition.y
      value: 2.25
      objectReference: {fileID: 0}
    - target: {fileID: 2303394579267036199, guid: b4562fd92881cf045842035f52d17782,
        type: 3}
      propertyPath: m_LocalPosition.z
      value: 0
      objectReference: {fileID: 0}
    - target: {fileID: 2303394579267036199, guid: b4562fd92881cf045842035f52d17782,
        type: 3}
      propertyPath: m_LocalRotation.x
      value: -0
      objectReference: {fileID: 0}
    - target: {fileID: 2303394579267036199, guid: b4562fd92881cf045842035f52d17782,
        type: 3}
      propertyPath: m_LocalRotation.y
      value: -0
      objectReference: {fileID: 0}
    - target: {fileID: 2303394579267036199, guid: b4562fd92881cf045842035f52d17782,
        type: 3}
      propertyPath: m_LocalRotation.z
      value: -0
      objectReference: {fileID: 0}
    - target: {fileID: 2303394579267036199, guid: b4562fd92881cf045842035f52d17782,
        type: 3}
      propertyPath: m_LocalRotation.w
      value: 1
      objectReference: {fileID: 0}
    - target: {fileID: 2303394579267036199, guid: b4562fd92881cf045842035f52d17782,
        type: 3}
      propertyPath: m_RootOrder
      value: 11
      objectReference: {fileID: 0}
    - target: {fileID: 2303394579267036199, guid: b4562fd92881cf045842035f52d17782,
        type: 3}
      propertyPath: m_LocalEulerAnglesHint.x
      value: 0
      objectReference: {fileID: 0}
    - target: {fileID: 2303394579267036199, guid: b4562fd92881cf045842035f52d17782,
        type: 3}
      propertyPath: m_LocalEulerAnglesHint.y
      value: 0
      objectReference: {fileID: 0}
    - target: {fileID: 2303394579267036199, guid: b4562fd92881cf045842035f52d17782,
        type: 3}
      propertyPath: m_LocalEulerAnglesHint.z
      value: 0
      objectReference: {fileID: 0}
    m_RemovedComponents: []
  m_SourcePrefab: {fileID: 100100000, guid: b4562fd92881cf045842035f52d17782, type: 3}
--- !u!4 &5502415820968069360 stripped
Transform:
  m_CorrespondingSourceObject: {fileID: 2303394579267036199, guid: b4562fd92881cf045842035f52d17782,
    type: 3}
  m_PrefabInstance: {fileID: 6029140276563356887}
  m_PrefabAsset: {fileID: 0}
--- !u!1001 &6029140276673400112
PrefabInstance:
  m_ObjectHideFlags: 0
  serializedVersion: 2
  m_Modification:
    m_TransformParent: {fileID: 5394188879374589469}
    m_Modifications:
    - target: {fileID: 1494242378997169821, guid: b4562fd92881cf045842035f52d17782,
        type: 3}
      propertyPath: m_Name
      value: Brick (20)
      objectReference: {fileID: 0}
    - target: {fileID: 2303394579267036199, guid: b4562fd92881cf045842035f52d17782,
        type: 3}
      propertyPath: m_LocalPosition.x
      value: 1.25
      objectReference: {fileID: 0}
    - target: {fileID: 2303394579267036199, guid: b4562fd92881cf045842035f52d17782,
        type: 3}
      propertyPath: m_LocalPosition.y
      value: 1.25
      objectReference: {fileID: 0}
    - target: {fileID: 2303394579267036199, guid: b4562fd92881cf045842035f52d17782,
        type: 3}
      propertyPath: m_LocalPosition.z
      value: 0
      objectReference: {fileID: 0}
    - target: {fileID: 2303394579267036199, guid: b4562fd92881cf045842035f52d17782,
        type: 3}
      propertyPath: m_LocalRotation.x
      value: -0
      objectReference: {fileID: 0}
    - target: {fileID: 2303394579267036199, guid: b4562fd92881cf045842035f52d17782,
        type: 3}
      propertyPath: m_LocalRotation.y
      value: -0
      objectReference: {fileID: 0}
    - target: {fileID: 2303394579267036199, guid: b4562fd92881cf045842035f52d17782,
        type: 3}
      propertyPath: m_LocalRotation.z
      value: -0
      objectReference: {fileID: 0}
    - target: {fileID: 2303394579267036199, guid: b4562fd92881cf045842035f52d17782,
        type: 3}
      propertyPath: m_LocalRotation.w
      value: 1
      objectReference: {fileID: 0}
    - target: {fileID: 2303394579267036199, guid: b4562fd92881cf045842035f52d17782,
        type: 3}
      propertyPath: m_RootOrder
      value: 19
      objectReference: {fileID: 0}
    - target: {fileID: 2303394579267036199, guid: b4562fd92881cf045842035f52d17782,
        type: 3}
      propertyPath: m_LocalEulerAnglesHint.x
      value: 0
      objectReference: {fileID: 0}
    - target: {fileID: 2303394579267036199, guid: b4562fd92881cf045842035f52d17782,
        type: 3}
      propertyPath: m_LocalEulerAnglesHint.y
      value: 0
      objectReference: {fileID: 0}
    - target: {fileID: 2303394579267036199, guid: b4562fd92881cf045842035f52d17782,
        type: 3}
      propertyPath: m_LocalEulerAnglesHint.z
      value: 0
      objectReference: {fileID: 0}
    m_RemovedComponents: []
  m_SourcePrefab: {fileID: 100100000, guid: b4562fd92881cf045842035f52d17782, type: 3}
--- !u!4 &5502415820826601751 stripped
Transform:
  m_CorrespondingSourceObject: {fileID: 2303394579267036199, guid: b4562fd92881cf045842035f52d17782,
    type: 3}
  m_PrefabInstance: {fileID: 6029140276673400112}
  m_PrefabAsset: {fileID: 0}
--- !u!1001 &6029140276689903088
PrefabInstance:
  m_ObjectHideFlags: 0
  serializedVersion: 2
  m_Modification:
    m_TransformParent: {fileID: 5394188879374589469}
    m_Modifications:
    - target: {fileID: 1494242378997169821, guid: b4562fd92881cf045842035f52d17782,
        type: 3}
      propertyPath: m_Name
      value: Brick (17)
      objectReference: {fileID: 0}
    - target: {fileID: 2303394579267036199, guid: b4562fd92881cf045842035f52d17782,
        type: 3}
      propertyPath: m_LocalPosition.x
      value: 1.25
      objectReference: {fileID: 0}
    - target: {fileID: 2303394579267036199, guid: b4562fd92881cf045842035f52d17782,
        type: 3}
      propertyPath: m_LocalPosition.y
      value: 2.75
      objectReference: {fileID: 0}
    - target: {fileID: 2303394579267036199, guid: b4562fd92881cf045842035f52d17782,
        type: 3}
      propertyPath: m_LocalPosition.z
      value: 0
      objectReference: {fileID: 0}
    - target: {fileID: 2303394579267036199, guid: b4562fd92881cf045842035f52d17782,
        type: 3}
      propertyPath: m_LocalRotation.x
      value: -0
      objectReference: {fileID: 0}
    - target: {fileID: 2303394579267036199, guid: b4562fd92881cf045842035f52d17782,
        type: 3}
      propertyPath: m_LocalRotation.y
      value: -0
      objectReference: {fileID: 0}
    - target: {fileID: 2303394579267036199, guid: b4562fd92881cf045842035f52d17782,
        type: 3}
      propertyPath: m_LocalRotation.z
      value: -0
      objectReference: {fileID: 0}
    - target: {fileID: 2303394579267036199, guid: b4562fd92881cf045842035f52d17782,
        type: 3}
      propertyPath: m_LocalRotation.w
      value: 1
      objectReference: {fileID: 0}
    - target: {fileID: 2303394579267036199, guid: b4562fd92881cf045842035f52d17782,
        type: 3}
      propertyPath: m_RootOrder
      value: 16
      objectReference: {fileID: 0}
    - target: {fileID: 2303394579267036199, guid: b4562fd92881cf045842035f52d17782,
        type: 3}
      propertyPath: m_LocalEulerAnglesHint.x
      value: 0
      objectReference: {fileID: 0}
    - target: {fileID: 2303394579267036199, guid: b4562fd92881cf045842035f52d17782,
        type: 3}
      propertyPath: m_LocalEulerAnglesHint.y
      value: 0
      objectReference: {fileID: 0}
    - target: {fileID: 2303394579267036199, guid: b4562fd92881cf045842035f52d17782,
        type: 3}
      propertyPath: m_LocalEulerAnglesHint.z
      value: 0
      objectReference: {fileID: 0}
    m_RemovedComponents: []
  m_SourcePrefab: {fileID: 100100000, guid: b4562fd92881cf045842035f52d17782, type: 3}
--- !u!4 &5502415820843629015 stripped
Transform:
  m_CorrespondingSourceObject: {fileID: 2303394579267036199, guid: b4562fd92881cf045842035f52d17782,
    type: 3}
  m_PrefabInstance: {fileID: 6029140276689903088}
  m_PrefabAsset: {fileID: 0}
--- !u!1001 &6029140276713581863
PrefabInstance:
  m_ObjectHideFlags: 0
  serializedVersion: 2
  m_Modification:
    m_TransformParent: {fileID: 5394188879374589469}
    m_Modifications:
    - target: {fileID: 1494242378997169821, guid: b4562fd92881cf045842035f52d17782,
        type: 3}
      propertyPath: m_Name
      value: Brick (19)
      objectReference: {fileID: 0}
    - target: {fileID: 2303394579267036199, guid: b4562fd92881cf045842035f52d17782,
        type: 3}
      propertyPath: m_LocalPosition.x
      value: 1.25
      objectReference: {fileID: 0}
    - target: {fileID: 2303394579267036199, guid: b4562fd92881cf045842035f52d17782,
        type: 3}
      propertyPath: m_LocalPosition.y
      value: 0.75
      objectReference: {fileID: 0}
    - target: {fileID: 2303394579267036199, guid: b4562fd92881cf045842035f52d17782,
        type: 3}
      propertyPath: m_LocalPosition.z
      value: 0
      objectReference: {fileID: 0}
    - target: {fileID: 2303394579267036199, guid: b4562fd92881cf045842035f52d17782,
        type: 3}
      propertyPath: m_LocalRotation.x
      value: -0
      objectReference: {fileID: 0}
    - target: {fileID: 2303394579267036199, guid: b4562fd92881cf045842035f52d17782,
        type: 3}
      propertyPath: m_LocalRotation.y
      value: -0
      objectReference: {fileID: 0}
    - target: {fileID: 2303394579267036199, guid: b4562fd92881cf045842035f52d17782,
        type: 3}
      propertyPath: m_LocalRotation.z
      value: -0
      objectReference: {fileID: 0}
    - target: {fileID: 2303394579267036199, guid: b4562fd92881cf045842035f52d17782,
        type: 3}
      propertyPath: m_LocalRotation.w
      value: 1
      objectReference: {fileID: 0}
    - target: {fileID: 2303394579267036199, guid: b4562fd92881cf045842035f52d17782,
        type: 3}
      propertyPath: m_RootOrder
      value: 18
      objectReference: {fileID: 0}
    - target: {fileID: 2303394579267036199, guid: b4562fd92881cf045842035f52d17782,
        type: 3}
      propertyPath: m_LocalEulerAnglesHint.x
      value: 0
      objectReference: {fileID: 0}
    - target: {fileID: 2303394579267036199, guid: b4562fd92881cf045842035f52d17782,
        type: 3}
      propertyPath: m_LocalEulerAnglesHint.y
      value: 0
      objectReference: {fileID: 0}
    - target: {fileID: 2303394579267036199, guid: b4562fd92881cf045842035f52d17782,
        type: 3}
      propertyPath: m_LocalEulerAnglesHint.z
      value: 0
      objectReference: {fileID: 0}
    m_RemovedComponents: []
  m_SourcePrefab: {fileID: 100100000, guid: b4562fd92881cf045842035f52d17782, type: 3}
--- !u!4 &5502415820783274240 stripped
Transform:
  m_CorrespondingSourceObject: {fileID: 2303394579267036199, guid: b4562fd92881cf045842035f52d17782,
    type: 3}
  m_PrefabInstance: {fileID: 6029140276713581863}
  m_PrefabAsset: {fileID: 0}
--- !u!1001 &6029140276899133769
PrefabInstance:
  m_ObjectHideFlags: 0
  serializedVersion: 2
  m_Modification:
    m_TransformParent: {fileID: 5394188879374589469}
    m_Modifications:
    - target: {fileID: 1494242378997169821, guid: b4562fd92881cf045842035f52d17782,
        type: 3}
      propertyPath: m_Name
      value: Brick (22)
      objectReference: {fileID: 0}
    - target: {fileID: 2303394579267036199, guid: b4562fd92881cf045842035f52d17782,
        type: 3}
      propertyPath: m_LocalPosition.x
      value: -2.5
      objectReference: {fileID: 0}
    - target: {fileID: 2303394579267036199, guid: b4562fd92881cf045842035f52d17782,
        type: 3}
      propertyPath: m_LocalPosition.y
      value: 4
      objectReference: {fileID: 0}
    - target: {fileID: 2303394579267036199, guid: b4562fd92881cf045842035f52d17782,
        type: 3}
      propertyPath: m_LocalPosition.z
      value: 0
      objectReference: {fileID: 0}
    - target: {fileID: 2303394579267036199, guid: b4562fd92881cf045842035f52d17782,
        type: 3}
      propertyPath: m_LocalRotation.x
      value: -0
      objectReference: {fileID: 0}
    - target: {fileID: 2303394579267036199, guid: b4562fd92881cf045842035f52d17782,
        type: 3}
      propertyPath: m_LocalRotation.y
      value: -0
      objectReference: {fileID: 0}
    - target: {fileID: 2303394579267036199, guid: b4562fd92881cf045842035f52d17782,
        type: 3}
      propertyPath: m_LocalRotation.z
      value: -0
      objectReference: {fileID: 0}
    - target: {fileID: 2303394579267036199, guid: b4562fd92881cf045842035f52d17782,
        type: 3}
      propertyPath: m_LocalRotation.w
      value: 1
      objectReference: {fileID: 0}
    - target: {fileID: 2303394579267036199, guid: b4562fd92881cf045842035f52d17782,
        type: 3}
      propertyPath: m_RootOrder
      value: 22
      objectReference: {fileID: 0}
    - target: {fileID: 2303394579267036199, guid: b4562fd92881cf045842035f52d17782,
        type: 3}
      propertyPath: m_LocalEulerAnglesHint.x
      value: 0
      objectReference: {fileID: 0}
    - target: {fileID: 2303394579267036199, guid: b4562fd92881cf045842035f52d17782,
        type: 3}
      propertyPath: m_LocalEulerAnglesHint.y
      value: 0
      objectReference: {fileID: 0}
    - target: {fileID: 2303394579267036199, guid: b4562fd92881cf045842035f52d17782,
        type: 3}
      propertyPath: m_LocalEulerAnglesHint.z
      value: 0
      objectReference: {fileID: 0}
    m_RemovedComponents: []
  m_SourcePrefab: {fileID: 100100000, guid: b4562fd92881cf045842035f52d17782, type: 3}
--- !u!4 &5502415820499131758 stripped
Transform:
  m_CorrespondingSourceObject: {fileID: 2303394579267036199, guid: b4562fd92881cf045842035f52d17782,
    type: 3}
  m_PrefabInstance: {fileID: 6029140276899133769}
  m_PrefabAsset: {fileID: 0}
--- !u!1001 &6029140276916294204
PrefabInstance:
  m_ObjectHideFlags: 0
  serializedVersion: 2
  m_Modification:
    m_TransformParent: {fileID: 5394188879374589469}
    m_Modifications:
    - target: {fileID: 1494242378997169821, guid: b4562fd92881cf045842035f52d17782,
        type: 3}
      propertyPath: m_Name
      value: Brick (23)
      objectReference: {fileID: 0}
    - target: {fileID: 2303394579267036199, guid: b4562fd92881cf045842035f52d17782,
        type: 3}
      propertyPath: m_LocalPosition.x
      value: 2.5
      objectReference: {fileID: 0}
    - target: {fileID: 2303394579267036199, guid: b4562fd92881cf045842035f52d17782,
        type: 3}
      propertyPath: m_LocalPosition.y
      value: 4
      objectReference: {fileID: 0}
    - target: {fileID: 2303394579267036199, guid: b4562fd92881cf045842035f52d17782,
        type: 3}
      propertyPath: m_LocalPosition.z
      value: 0
      objectReference: {fileID: 0}
    - target: {fileID: 2303394579267036199, guid: b4562fd92881cf045842035f52d17782,
        type: 3}
      propertyPath: m_LocalRotation.x
      value: -0
      objectReference: {fileID: 0}
    - target: {fileID: 2303394579267036199, guid: b4562fd92881cf045842035f52d17782,
        type: 3}
      propertyPath: m_LocalRotation.y
      value: -0
      objectReference: {fileID: 0}
    - target: {fileID: 2303394579267036199, guid: b4562fd92881cf045842035f52d17782,
        type: 3}
      propertyPath: m_LocalRotation.z
      value: -0
      objectReference: {fileID: 0}
    - target: {fileID: 2303394579267036199, guid: b4562fd92881cf045842035f52d17782,
        type: 3}
      propertyPath: m_LocalRotation.w
      value: 1
      objectReference: {fileID: 0}
    - target: {fileID: 2303394579267036199, guid: b4562fd92881cf045842035f52d17782,
        type: 3}
      propertyPath: m_RootOrder
      value: 23
      objectReference: {fileID: 0}
    - target: {fileID: 2303394579267036199, guid: b4562fd92881cf045842035f52d17782,
        type: 3}
      propertyPath: m_LocalEulerAnglesHint.x
      value: 0
      objectReference: {fileID: 0}
    - target: {fileID: 2303394579267036199, guid: b4562fd92881cf045842035f52d17782,
        type: 3}
      propertyPath: m_LocalEulerAnglesHint.y
      value: 0
      objectReference: {fileID: 0}
    - target: {fileID: 2303394579267036199, guid: b4562fd92881cf045842035f52d17782,
        type: 3}
      propertyPath: m_LocalEulerAnglesHint.z
      value: 0
      objectReference: {fileID: 0}
    m_RemovedComponents: []
  m_SourcePrefab: {fileID: 100100000, guid: b4562fd92881cf045842035f52d17782, type: 3}
--- !u!4 &5502415820449199643 stripped
Transform:
  m_CorrespondingSourceObject: {fileID: 2303394579267036199, guid: b4562fd92881cf045842035f52d17782,
    type: 3}
  m_PrefabInstance: {fileID: 6029140276916294204}
  m_PrefabAsset: {fileID: 0}
--- !u!1001 &6029140277090849051
PrefabInstance:
  m_ObjectHideFlags: 0
  serializedVersion: 2
  m_Modification:
    m_TransformParent: {fileID: 5394188879374589469}
    m_Modifications:
    - target: {fileID: 1494242378997169821, guid: b4562fd92881cf045842035f52d17782,
        type: 3}
      propertyPath: m_Name
      value: Brick (7)
      objectReference: {fileID: 0}
    - target: {fileID: 2303394579267036199, guid: b4562fd92881cf045842035f52d17782,
        type: 3}
      propertyPath: m_LocalPosition.x
      value: -1.25
      objectReference: {fileID: 0}
    - target: {fileID: 2303394579267036199, guid: b4562fd92881cf045842035f52d17782,
        type: 3}
      propertyPath: m_LocalPosition.y
      value: 1.25
      objectReference: {fileID: 0}
    - target: {fileID: 2303394579267036199, guid: b4562fd92881cf045842035f52d17782,
        type: 3}
      propertyPath: m_LocalPosition.z
      value: 0
      objectReference: {fileID: 0}
    - target: {fileID: 2303394579267036199, guid: b4562fd92881cf045842035f52d17782,
        type: 3}
      propertyPath: m_LocalRotation.x
      value: -0
      objectReference: {fileID: 0}
    - target: {fileID: 2303394579267036199, guid: b4562fd92881cf045842035f52d17782,
        type: 3}
      propertyPath: m_LocalRotation.y
      value: -0
      objectReference: {fileID: 0}
    - target: {fileID: 2303394579267036199, guid: b4562fd92881cf045842035f52d17782,
        type: 3}
      propertyPath: m_LocalRotation.z
      value: -0
      objectReference: {fileID: 0}
    - target: {fileID: 2303394579267036199, guid: b4562fd92881cf045842035f52d17782,
        type: 3}
      propertyPath: m_LocalRotation.w
      value: 1
      objectReference: {fileID: 0}
    - target: {fileID: 2303394579267036199, guid: b4562fd92881cf045842035f52d17782,
        type: 3}
      propertyPath: m_RootOrder
      value: 7
      objectReference: {fileID: 0}
    - target: {fileID: 2303394579267036199, guid: b4562fd92881cf045842035f52d17782,
        type: 3}
      propertyPath: m_LocalEulerAnglesHint.x
      value: 0
      objectReference: {fileID: 0}
    - target: {fileID: 2303394579267036199, guid: b4562fd92881cf045842035f52d17782,
        type: 3}
      propertyPath: m_LocalEulerAnglesHint.y
      value: 0
      objectReference: {fileID: 0}
    - target: {fileID: 2303394579267036199, guid: b4562fd92881cf045842035f52d17782,
        type: 3}
      propertyPath: m_LocalEulerAnglesHint.z
      value: 0
      objectReference: {fileID: 0}
    m_RemovedComponents: []
  m_SourcePrefab: {fileID: 100100000, guid: b4562fd92881cf045842035f52d17782, type: 3}
--- !u!4 &5502415820439270716 stripped
Transform:
  m_CorrespondingSourceObject: {fileID: 2303394579267036199, guid: b4562fd92881cf045842035f52d17782,
    type: 3}
  m_PrefabInstance: {fileID: 6029140277090849051}
  m_PrefabAsset: {fileID: 0}
--- !u!1001 &6029140277224266736
PrefabInstance:
  m_ObjectHideFlags: 0
  serializedVersion: 2
  m_Modification:
    m_TransformParent: {fileID: 5394188879374589469}
    m_Modifications:
    - target: {fileID: 1494242378997169821, guid: b4562fd92881cf045842035f52d17782,
        type: 3}
      propertyPath: m_Name
      value: Brick (6)
      objectReference: {fileID: 0}
    - target: {fileID: 2303394579267036199, guid: b4562fd92881cf045842035f52d17782,
        type: 3}
      propertyPath: m_LocalPosition.x
      value: -1.25
      objectReference: {fileID: 0}
    - target: {fileID: 2303394579267036199, guid: b4562fd92881cf045842035f52d17782,
        type: 3}
      propertyPath: m_LocalPosition.y
      value: 0.75
      objectReference: {fileID: 0}
    - target: {fileID: 2303394579267036199, guid: b4562fd92881cf045842035f52d17782,
        type: 3}
      propertyPath: m_LocalPosition.z
      value: 0
      objectReference: {fileID: 0}
    - target: {fileID: 2303394579267036199, guid: b4562fd92881cf045842035f52d17782,
        type: 3}
      propertyPath: m_LocalRotation.x
      value: -0
      objectReference: {fileID: 0}
    - target: {fileID: 2303394579267036199, guid: b4562fd92881cf045842035f52d17782,
        type: 3}
      propertyPath: m_LocalRotation.y
      value: -0
      objectReference: {fileID: 0}
    - target: {fileID: 2303394579267036199, guid: b4562fd92881cf045842035f52d17782,
        type: 3}
      propertyPath: m_LocalRotation.z
      value: -0
      objectReference: {fileID: 0}
    - target: {fileID: 2303394579267036199, guid: b4562fd92881cf045842035f52d17782,
        type: 3}
      propertyPath: m_LocalRotation.w
      value: 1
      objectReference: {fileID: 0}
    - target: {fileID: 2303394579267036199, guid: b4562fd92881cf045842035f52d17782,
        type: 3}
      propertyPath: m_RootOrder
      value: 6
      objectReference: {fileID: 0}
    - target: {fileID: 2303394579267036199, guid: b4562fd92881cf045842035f52d17782,
        type: 3}
      propertyPath: m_LocalEulerAnglesHint.x
      value: 0
      objectReference: {fileID: 0}
    - target: {fileID: 2303394579267036199, guid: b4562fd92881cf045842035f52d17782,
        type: 3}
      propertyPath: m_LocalEulerAnglesHint.y
      value: 0
      objectReference: {fileID: 0}
    - target: {fileID: 2303394579267036199, guid: b4562fd92881cf045842035f52d17782,
        type: 3}
      propertyPath: m_LocalEulerAnglesHint.z
      value: 0
      objectReference: {fileID: 0}
    m_RemovedComponents: []
  m_SourcePrefab: {fileID: 100100000, guid: b4562fd92881cf045842035f52d17782, type: 3}
--- !u!4 &5502415820278890455 stripped
Transform:
  m_CorrespondingSourceObject: {fileID: 2303394579267036199, guid: b4562fd92881cf045842035f52d17782,
    type: 3}
  m_PrefabInstance: {fileID: 6029140277224266736}
  m_PrefabAsset: {fileID: 0}
--- !u!1001 &6029140277233790308
PrefabInstance:
  m_ObjectHideFlags: 0
  serializedVersion: 2
  m_Modification:
    m_TransformParent: {fileID: 5394188879374589469}
    m_Modifications:
    - target: {fileID: 1494242378997169821, guid: b4562fd92881cf045842035f52d17782,
        type: 3}
      propertyPath: m_Name
      value: Brick (9)
      objectReference: {fileID: 0}
    - target: {fileID: 2303394579267036199, guid: b4562fd92881cf045842035f52d17782,
        type: 3}
      propertyPath: m_LocalPosition.x
      value: 1.25
      objectReference: {fileID: 0}
    - target: {fileID: 2303394579267036199, guid: b4562fd92881cf045842035f52d17782,
        type: 3}
      propertyPath: m_LocalPosition.y
      value: 1.75
      objectReference: {fileID: 0}
    - target: {fileID: 2303394579267036199, guid: b4562fd92881cf045842035f52d17782,
        type: 3}
      propertyPath: m_LocalPosition.z
      value: 0
      objectReference: {fileID: 0}
    - target: {fileID: 2303394579267036199, guid: b4562fd92881cf045842035f52d17782,
        type: 3}
      propertyPath: m_LocalRotation.x
      value: -0
      objectReference: {fileID: 0}
    - target: {fileID: 2303394579267036199, guid: b4562fd92881cf045842035f52d17782,
        type: 3}
      propertyPath: m_LocalRotation.y
      value: -0
      objectReference: {fileID: 0}
    - target: {fileID: 2303394579267036199, guid: b4562fd92881cf045842035f52d17782,
        type: 3}
      propertyPath: m_LocalRotation.z
      value: -0
      objectReference: {fileID: 0}
    - target: {fileID: 2303394579267036199, guid: b4562fd92881cf045842035f52d17782,
        type: 3}
      propertyPath: m_LocalRotation.w
      value: 1
      objectReference: {fileID: 0}
    - target: {fileID: 2303394579267036199, guid: b4562fd92881cf045842035f52d17782,
        type: 3}
      propertyPath: m_RootOrder
      value: 9
      objectReference: {fileID: 0}
    - target: {fileID: 2303394579267036199, guid: b4562fd92881cf045842035f52d17782,
        type: 3}
      propertyPath: m_LocalEulerAnglesHint.x
      value: 0
      objectReference: {fileID: 0}
    - target: {fileID: 2303394579267036199, guid: b4562fd92881cf045842035f52d17782,
        type: 3}
      propertyPath: m_LocalEulerAnglesHint.y
      value: 0
      objectReference: {fileID: 0}
    - target: {fileID: 2303394579267036199, guid: b4562fd92881cf045842035f52d17782,
        type: 3}
      propertyPath: m_LocalEulerAnglesHint.z
      value: 0
      objectReference: {fileID: 0}
    m_RemovedComponents: []
  m_SourcePrefab: {fileID: 100100000, guid: b4562fd92881cf045842035f52d17782, type: 3}
--- !u!4 &5502415820296325443 stripped
Transform:
  m_CorrespondingSourceObject: {fileID: 2303394579267036199, guid: b4562fd92881cf045842035f52d17782,
    type: 3}
  m_PrefabInstance: {fileID: 6029140277233790308}
  m_PrefabAsset: {fileID: 0}
--- !u!1001 &6029140277272921592
PrefabInstance:
  m_ObjectHideFlags: 0
  serializedVersion: 2
  m_Modification:
    m_TransformParent: {fileID: 5394188879374589469}
    m_Modifications:
    - target: {fileID: 1494242378997169821, guid: b4562fd92881cf045842035f52d17782,
        type: 3}
      propertyPath: m_Name
      value: Brick (16)
      objectReference: {fileID: 0}
    - target: {fileID: 2303394579267036199, guid: b4562fd92881cf045842035f52d17782,
        type: 3}
      propertyPath: m_LocalPosition.x
      value: 1.25
      objectReference: {fileID: 0}
    - target: {fileID: 2303394579267036199, guid: b4562fd92881cf045842035f52d17782,
        type: 3}
      propertyPath: m_LocalPosition.y
      value: 3.25
      objectReference: {fileID: 0}
    - target: {fileID: 2303394579267036199, guid: b4562fd92881cf045842035f52d17782,
        type: 3}
      propertyPath: m_LocalPosition.z
      value: 0
      objectReference: {fileID: 0}
    - target: {fileID: 2303394579267036199, guid: b4562fd92881cf045842035f52d17782,
        type: 3}
      propertyPath: m_LocalRotation.x
      value: -0
      objectReference: {fileID: 0}
    - target: {fileID: 2303394579267036199, guid: b4562fd92881cf045842035f52d17782,
        type: 3}
      propertyPath: m_LocalRotation.y
      value: -0
      objectReference: {fileID: 0}
    - target: {fileID: 2303394579267036199, guid: b4562fd92881cf045842035f52d17782,
        type: 3}
      propertyPath: m_LocalRotation.z
      value: -0
      objectReference: {fileID: 0}
    - target: {fileID: 2303394579267036199, guid: b4562fd92881cf045842035f52d17782,
        type: 3}
      propertyPath: m_LocalRotation.w
      value: 1
      objectReference: {fileID: 0}
    - target: {fileID: 2303394579267036199, guid: b4562fd92881cf045842035f52d17782,
        type: 3}
      propertyPath: m_RootOrder
      value: 15
      objectReference: {fileID: 0}
    - target: {fileID: 2303394579267036199, guid: b4562fd92881cf045842035f52d17782,
        type: 3}
      propertyPath: m_LocalEulerAnglesHint.x
      value: 0
      objectReference: {fileID: 0}
    - target: {fileID: 2303394579267036199, guid: b4562fd92881cf045842035f52d17782,
        type: 3}
      propertyPath: m_LocalEulerAnglesHint.y
      value: 0
      objectReference: {fileID: 0}
    - target: {fileID: 2303394579267036199, guid: b4562fd92881cf045842035f52d17782,
        type: 3}
      propertyPath: m_LocalEulerAnglesHint.z
      value: 0
      objectReference: {fileID: 0}
    m_RemovedComponents: []
  m_SourcePrefab: {fileID: 100100000, guid: b4562fd92881cf045842035f52d17782, type: 3}
--- !u!4 &5502415820260631007 stripped
Transform:
  m_CorrespondingSourceObject: {fileID: 2303394579267036199, guid: b4562fd92881cf045842035f52d17782,
    type: 3}
  m_PrefabInstance: {fileID: 6029140277272921592}
  m_PrefabAsset: {fileID: 0}
--- !u!1001 &6029140277348468314
PrefabInstance:
  m_ObjectHideFlags: 0
  serializedVersion: 2
  m_Modification:
    m_TransformParent: {fileID: 5394188879374589469}
    m_Modifications:
    - target: {fileID: 1494242378997169821, guid: b4562fd92881cf045842035f52d17782,
        type: 3}
      propertyPath: m_Name
      value: Brick (2)
      objectReference: {fileID: 0}
    - target: {fileID: 2303394579267036199, guid: b4562fd92881cf045842035f52d17782,
        type: 3}
      propertyPath: m_LocalPosition.x
      value: -2.5
      objectReference: {fileID: 0}
    - target: {fileID: 2303394579267036199, guid: b4562fd92881cf045842035f52d17782,
        type: 3}
      propertyPath: m_LocalPosition.y
      value: -0.5
      objectReference: {fileID: 0}
    - target: {fileID: 2303394579267036199, guid: b4562fd92881cf045842035f52d17782,
        type: 3}
      propertyPath: m_LocalPosition.z
      value: 0
      objectReference: {fileID: 0}
    - target: {fileID: 2303394579267036199, guid: b4562fd92881cf045842035f52d17782,
        type: 3}
      propertyPath: m_LocalRotation.x
      value: -0
      objectReference: {fileID: 0}
    - target: {fileID: 2303394579267036199, guid: b4562fd92881cf045842035f52d17782,
        type: 3}
      propertyPath: m_LocalRotation.y
      value: -0
      objectReference: {fileID: 0}
    - target: {fileID: 2303394579267036199, guid: b4562fd92881cf045842035f52d17782,
        type: 3}
      propertyPath: m_LocalRotation.z
      value: -0
      objectReference: {fileID: 0}
    - target: {fileID: 2303394579267036199, guid: b4562fd92881cf045842035f52d17782,
        type: 3}
      propertyPath: m_LocalRotation.w
      value: 1
      objectReference: {fileID: 0}
    - target: {fileID: 2303394579267036199, guid: b4562fd92881cf045842035f52d17782,
        type: 3}
      propertyPath: m_RootOrder
      value: 2
      objectReference: {fileID: 0}
    - target: {fileID: 2303394579267036199, guid: b4562fd92881cf045842035f52d17782,
        type: 3}
      propertyPath: m_LocalEulerAnglesHint.x
      value: 0
      objectReference: {fileID: 0}
    - target: {fileID: 2303394579267036199, guid: b4562fd92881cf045842035f52d17782,
        type: 3}
      propertyPath: m_LocalEulerAnglesHint.y
      value: 0
      objectReference: {fileID: 0}
    - target: {fileID: 2303394579267036199, guid: b4562fd92881cf045842035f52d17782,
        type: 3}
      propertyPath: m_LocalEulerAnglesHint.z
      value: 0
      objectReference: {fileID: 0}
    m_RemovedComponents: []
  m_SourcePrefab: {fileID: 100100000, guid: b4562fd92881cf045842035f52d17782, type: 3}
--- !u!4 &5502415820151497341 stripped
Transform:
  m_CorrespondingSourceObject: {fileID: 2303394579267036199, guid: b4562fd92881cf045842035f52d17782,
    type: 3}
  m_PrefabInstance: {fileID: 6029140277348468314}
  m_PrefabAsset: {fileID: 0}
--- !u!1001 &6029140277453027541
PrefabInstance:
  m_ObjectHideFlags: 0
  serializedVersion: 2
  m_Modification:
    m_TransformParent: {fileID: 5394188879374589469}
    m_Modifications:
    - target: {fileID: 1494242378997169821, guid: b4562fd92881cf045842035f52d17782,
        type: 3}
      propertyPath: m_Name
      value: Brick (4)
      objectReference: {fileID: 0}
    - target: {fileID: 2303394579267036199, guid: b4562fd92881cf045842035f52d17782,
        type: 3}
      propertyPath: m_LocalPosition.x
      value: -1.25
      objectReference: {fileID: 0}
    - target: {fileID: 2303394579267036199, guid: b4562fd92881cf045842035f52d17782,
        type: 3}
      propertyPath: m_LocalPosition.y
      value: 0.25
      objectReference: {fileID: 0}
    - target: {fileID: 2303394579267036199, guid: b4562fd92881cf045842035f52d17782,
        type: 3}
      propertyPath: m_LocalPosition.z
      value: 0
      objectReference: {fileID: 0}
    - target: {fileID: 2303394579267036199, guid: b4562fd92881cf045842035f52d17782,
        type: 3}
      propertyPath: m_LocalRotation.x
      value: -0
      objectReference: {fileID: 0}
    - target: {fileID: 2303394579267036199, guid: b4562fd92881cf045842035f52d17782,
        type: 3}
      propertyPath: m_LocalRotation.y
      value: -0
      objectReference: {fileID: 0}
    - target: {fileID: 2303394579267036199, guid: b4562fd92881cf045842035f52d17782,
        type: 3}
      propertyPath: m_LocalRotation.z
      value: -0
      objectReference: {fileID: 0}
    - target: {fileID: 2303394579267036199, guid: b4562fd92881cf045842035f52d17782,
        type: 3}
      propertyPath: m_LocalRotation.w
      value: 1
      objectReference: {fileID: 0}
    - target: {fileID: 2303394579267036199, guid: b4562fd92881cf045842035f52d17782,
        type: 3}
      propertyPath: m_RootOrder
      value: 4
      objectReference: {fileID: 0}
    - target: {fileID: 2303394579267036199, guid: b4562fd92881cf045842035f52d17782,
        type: 3}
      propertyPath: m_LocalEulerAnglesHint.x
      value: 0
      objectReference: {fileID: 0}
    - target: {fileID: 2303394579267036199, guid: b4562fd92881cf045842035f52d17782,
        type: 3}
      propertyPath: m_LocalEulerAnglesHint.y
      value: 0
      objectReference: {fileID: 0}
    - target: {fileID: 2303394579267036199, guid: b4562fd92881cf045842035f52d17782,
        type: 3}
      propertyPath: m_LocalEulerAnglesHint.z
      value: 0
      objectReference: {fileID: 0}
    m_RemovedComponents: []
  m_SourcePrefab: {fileID: 100100000, guid: b4562fd92881cf045842035f52d17782, type: 3}
--- !u!4 &5502415819911716082 stripped
Transform:
  m_CorrespondingSourceObject: {fileID: 2303394579267036199, guid: b4562fd92881cf045842035f52d17782,
    type: 3}
  m_PrefabInstance: {fileID: 6029140277453027541}
  m_PrefabAsset: {fileID: 0}
