%YAML 1.1
%TAG !u! tag:unity3d.com,2011:
--- !u!1 &1281283449168501289
GameObject:
  m_ObjectHideFlags: 0
  m_CorrespondingSourceObject: {fileID: 0}
  m_PrefabInstance: {fileID: 0}
  m_PrefabAsset: {fileID: 0}
  serializedVersion: 6
  m_Component:
  - component: {fileID: 7396435183008449823}
  m_Layer: 0
  m_Name: LibraSymbol
  m_TagString: Untagged
  m_Icon: {fileID: 0}
  m_NavMeshLayer: 0
  m_StaticEditorFlags: 0
  m_IsActive: 1
--- !u!4 &7396435183008449823
Transform:
  m_ObjectHideFlags: 0
  m_CorrespondingSourceObject: {fileID: 0}
  m_PrefabInstance: {fileID: 0}
  m_PrefabAsset: {fileID: 0}
  m_GameObject: {fileID: 1281283449168501289}
  m_LocalRotation: {x: 0, y: 0, z: 0, w: 1}
  m_LocalPosition: {x: 0, y: 0, z: 0}
  m_LocalScale: {x: 1, y: 1, z: 1}
  m_Children:
  - {fileID: 8671715128495098847}
  - {fileID: 6928201582953037824}
  - {fileID: 6928201582191455806}
  - {fileID: 6928201583154801238}
  - {fileID: 6928201581646910450}
  - {fileID: 6928201582261030888}
  - {fileID: 6928201582010464989}
  - {fileID: 6928201582979872238}
  - {fileID: 6928201582793743026}
  - {fileID: 6928201581519708885}
  - {fileID: 586259799517843879}
  - {fileID: 6928201582091827508}
  - {fileID: 6928201581860155761}
  - {fileID: 6928201582567524920}
  - {fileID: 6667580117298646809}
  - {fileID: 4490476797059176903}
  - {fileID: 9141738435068981037}
  - {fileID: 5266741741782747121}
  - {fileID: 9141738435256145308}
  - {fileID: 1304407854934746254}
  - {fileID: 9141738433732776872}
  - {fileID: 9141738433262471847}
  - {fileID: 1551054115962203844}
  - {fileID: 3478439207222640225}
  m_Father: {fileID: 0}
  m_RootOrder: 0
  m_LocalEulerAnglesHint: {x: 0, y: 0, z: 0}
--- !u!1001 &752451514014894819
PrefabInstance:
  m_ObjectHideFlags: 0
  serializedVersion: 2
  m_Modification:
    m_TransformParent: {fileID: 7396435183008449823}
    m_Modifications:
    - target: {fileID: 1494242378997169821, guid: b4562fd92881cf045842035f52d17782,
        type: 3}
      propertyPath: m_Name
      value: Brick (31)
      objectReference: {fileID: 0}
    - target: {fileID: 2303394579267036199, guid: b4562fd92881cf045842035f52d17782,
        type: 3}
      propertyPath: m_LocalPosition.x
      value: 2
      objectReference: {fileID: 0}
    - target: {fileID: 2303394579267036199, guid: b4562fd92881cf045842035f52d17782,
        type: 3}
      propertyPath: m_LocalPosition.y
      value: 1.5
      objectReference: {fileID: 0}
    - target: {fileID: 2303394579267036199, guid: b4562fd92881cf045842035f52d17782,
        type: 3}
      propertyPath: m_LocalPosition.z
      value: 0
      objectReference: {fileID: 0}
    - target: {fileID: 2303394579267036199, guid: b4562fd92881cf045842035f52d17782,
        type: 3}
      propertyPath: m_LocalRotation.x
      value: -0
      objectReference: {fileID: 0}
    - target: {fileID: 2303394579267036199, guid: b4562fd92881cf045842035f52d17782,
        type: 3}
      propertyPath: m_LocalRotation.y
      value: -0
      objectReference: {fileID: 0}
    - target: {fileID: 2303394579267036199, guid: b4562fd92881cf045842035f52d17782,
        type: 3}
      propertyPath: m_LocalRotation.z
      value: -0
      objectReference: {fileID: 0}
    - target: {fileID: 2303394579267036199, guid: b4562fd92881cf045842035f52d17782,
        type: 3}
      propertyPath: m_LocalRotation.w
      value: 1
      objectReference: {fileID: 0}
    - target: {fileID: 2303394579267036199, guid: b4562fd92881cf045842035f52d17782,
        type: 3}
      propertyPath: m_RootOrder
      value: 22
      objectReference: {fileID: 0}
    - target: {fileID: 2303394579267036199, guid: b4562fd92881cf045842035f52d17782,
        type: 3}
      propertyPath: m_LocalEulerAnglesHint.x
      value: 0
      objectReference: {fileID: 0}
    - target: {fileID: 2303394579267036199, guid: b4562fd92881cf045842035f52d17782,
        type: 3}
      propertyPath: m_LocalEulerAnglesHint.y
      value: 0
      objectReference: {fileID: 0}
    - target: {fileID: 2303394579267036199, guid: b4562fd92881cf045842035f52d17782,
        type: 3}
      propertyPath: m_LocalEulerAnglesHint.z
      value: 0
      objectReference: {fileID: 0}
    m_RemovedComponents: []
  m_SourcePrefab: {fileID: 100100000, guid: b4562fd92881cf045842035f52d17782, type: 3}
--- !u!4 &1551054115962203844 stripped
Transform:
  m_CorrespondingSourceObject: {fileID: 2303394579267036199, guid: b4562fd92881cf045842035f52d17782,
    type: 3}
  m_PrefabInstance: {fileID: 752451514014894819}
  m_PrefabAsset: {fileID: 0}
--- !u!1001 &1003595877112660137
PrefabInstance:
  m_ObjectHideFlags: 0
  serializedVersion: 2
  m_Modification:
    m_TransformParent: {fileID: 7396435183008449823}
    m_Modifications:
    - target: {fileID: 1494242378997169821, guid: b4562fd92881cf045842035f52d17782,
        type: 3}
      propertyPath: m_Name
      value: Brick (26)
      objectReference: {fileID: 0}
    - target: {fileID: 2303394579267036199, guid: b4562fd92881cf045842035f52d17782,
        type: 3}
      propertyPath: m_LocalPosition.x
      value: -2
      objectReference: {fileID: 0}
    - target: {fileID: 2303394579267036199, guid: b4562fd92881cf045842035f52d17782,
        type: 3}
      propertyPath: m_LocalPosition.y
      value: 3
      objectReference: {fileID: 0}
    - target: {fileID: 2303394579267036199, guid: b4562fd92881cf045842035f52d17782,
        type: 3}
      propertyPath: m_LocalPosition.z
      value: 0
      objectReference: {fileID: 0}
    - target: {fileID: 2303394579267036199, guid: b4562fd92881cf045842035f52d17782,
        type: 3}
      propertyPath: m_LocalRotation.x
      value: -0
      objectReference: {fileID: 0}
    - target: {fileID: 2303394579267036199, guid: b4562fd92881cf045842035f52d17782,
        type: 3}
      propertyPath: m_LocalRotation.y
      value: -0
      objectReference: {fileID: 0}
    - target: {fileID: 2303394579267036199, guid: b4562fd92881cf045842035f52d17782,
        type: 3}
      propertyPath: m_LocalRotation.z
      value: -0
      objectReference: {fileID: 0}
    - target: {fileID: 2303394579267036199, guid: b4562fd92881cf045842035f52d17782,
        type: 3}
      propertyPath: m_LocalRotation.w
      value: 1
      objectReference: {fileID: 0}
    - target: {fileID: 2303394579267036199, guid: b4562fd92881cf045842035f52d17782,
        type: 3}
      propertyPath: m_RootOrder
      value: 19
      objectReference: {fileID: 0}
    - target: {fileID: 2303394579267036199, guid: b4562fd92881cf045842035f52d17782,
        type: 3}
      propertyPath: m_LocalEulerAnglesHint.x
      value: 0
      objectReference: {fileID: 0}
    - target: {fileID: 2303394579267036199, guid: b4562fd92881cf045842035f52d17782,
        type: 3}
      propertyPath: m_LocalEulerAnglesHint.y
      value: 0
      objectReference: {fileID: 0}
    - target: {fileID: 2303394579267036199, guid: b4562fd92881cf045842035f52d17782,
        type: 3}
      propertyPath: m_LocalEulerAnglesHint.z
      value: 0
      objectReference: {fileID: 0}
    m_RemovedComponents: []
  m_SourcePrefab: {fileID: 100100000, guid: b4562fd92881cf045842035f52d17782, type: 3}
--- !u!4 &1304407854934746254 stripped
Transform:
  m_CorrespondingSourceObject: {fileID: 2303394579267036199, guid: b4562fd92881cf045842035f52d17782,
    type: 3}
  m_PrefabInstance: {fileID: 1003595877112660137}
  m_PrefabAsset: {fileID: 0}
--- !u!1001 &1717451473461179776
PrefabInstance:
  m_ObjectHideFlags: 0
  serializedVersion: 2
  m_Modification:
    m_TransformParent: {fileID: 7396435183008449823}
    m_Modifications:
    - target: {fileID: 1494242378997169821, guid: b4562fd92881cf045842035f52d17782,
        type: 3}
      propertyPath: m_Name
      value: Brick (21)
      objectReference: {fileID: 0}
    - target: {fileID: 2303394579267036199, guid: b4562fd92881cf045842035f52d17782,
        type: 3}
      propertyPath: m_LocalPosition.x
      value: 1.25
      objectReference: {fileID: 0}
    - target: {fileID: 2303394579267036199, guid: b4562fd92881cf045842035f52d17782,
        type: 3}
      propertyPath: m_LocalPosition.y
      value: 1
      objectReference: {fileID: 0}
    - target: {fileID: 2303394579267036199, guid: b4562fd92881cf045842035f52d17782,
        type: 3}
      propertyPath: m_LocalPosition.z
      value: 0
      objectReference: {fileID: 0}
    - target: {fileID: 2303394579267036199, guid: b4562fd92881cf045842035f52d17782,
        type: 3}
      propertyPath: m_LocalRotation.x
      value: -0
      objectReference: {fileID: 0}
    - target: {fileID: 2303394579267036199, guid: b4562fd92881cf045842035f52d17782,
        type: 3}
      propertyPath: m_LocalRotation.y
      value: -0
      objectReference: {fileID: 0}
    - target: {fileID: 2303394579267036199, guid: b4562fd92881cf045842035f52d17782,
        type: 3}
      propertyPath: m_LocalRotation.z
      value: -0
      objectReference: {fileID: 0}
    - target: {fileID: 2303394579267036199, guid: b4562fd92881cf045842035f52d17782,
        type: 3}
      propertyPath: m_LocalRotation.w
      value: 1
      objectReference: {fileID: 0}
    - target: {fileID: 2303394579267036199, guid: b4562fd92881cf045842035f52d17782,
        type: 3}
      propertyPath: m_RootOrder
      value: 10
      objectReference: {fileID: 0}
    - target: {fileID: 2303394579267036199, guid: b4562fd92881cf045842035f52d17782,
        type: 3}
      propertyPath: m_LocalEulerAnglesHint.x
      value: 0
      objectReference: {fileID: 0}
    - target: {fileID: 2303394579267036199, guid: b4562fd92881cf045842035f52d17782,
        type: 3}
      propertyPath: m_LocalEulerAnglesHint.y
      value: 0
      objectReference: {fileID: 0}
    - target: {fileID: 2303394579267036199, guid: b4562fd92881cf045842035f52d17782,
        type: 3}
      propertyPath: m_LocalEulerAnglesHint.z
      value: 0
      objectReference: {fileID: 0}
    m_RemovedComponents: []
  m_SourcePrefab: {fileID: 100100000, guid: b4562fd92881cf045842035f52d17782, type: 3}
--- !u!4 &586259799517843879 stripped
Transform:
  m_CorrespondingSourceObject: {fileID: 2303394579267036199, guid: b4562fd92881cf045842035f52d17782,
    type: 3}
  m_PrefabInstance: {fileID: 1717451473461179776}
  m_PrefabAsset: {fileID: 0}
--- !u!1001 &2424675960383946208
PrefabInstance:
  m_ObjectHideFlags: 0
  serializedVersion: 2
  m_Modification:
    m_TransformParent: {fileID: 7396435183008449823}
    m_Modifications:
    - target: {fileID: 1494242378997169821, guid: b4562fd92881cf045842035f52d17782,
        type: 3}
      propertyPath: m_Name
      value: Brick (32)
      objectReference: {fileID: 0}
    - target: {fileID: 2303394579267036199, guid: b4562fd92881cf045842035f52d17782,
        type: 3}
      propertyPath: m_LocalPosition.x
      value: 2.5
      objectReference: {fileID: 0}
    - target: {fileID: 2303394579267036199, guid: b4562fd92881cf045842035f52d17782,
        type: 3}
      propertyPath: m_LocalPosition.y
      value: 2
      objectReference: {fileID: 0}
    - target: {fileID: 2303394579267036199, guid: b4562fd92881cf045842035f52d17782,
        type: 3}
      propertyPath: m_LocalPosition.z
      value: 0
      objectReference: {fileID: 0}
    - target: {fileID: 2303394579267036199, guid: b4562fd92881cf045842035f52d17782,
        type: 3}
      propertyPath: m_LocalRotation.x
      value: -0
      objectReference: {fileID: 0}
    - target: {fileID: 2303394579267036199, guid: b4562fd92881cf045842035f52d17782,
        type: 3}
      propertyPath: m_LocalRotation.y
      value: -0
      objectReference: {fileID: 0}
    - target: {fileID: 2303394579267036199, guid: b4562fd92881cf045842035f52d17782,
        type: 3}
      propertyPath: m_LocalRotation.z
      value: -0
      objectReference: {fileID: 0}
    - target: {fileID: 2303394579267036199, guid: b4562fd92881cf045842035f52d17782,
        type: 3}
      propertyPath: m_LocalRotation.w
      value: 1
      objectReference: {fileID: 0}
    - target: {fileID: 2303394579267036199, guid: b4562fd92881cf045842035f52d17782,
        type: 3}
      propertyPath: m_RootOrder
      value: 15
      objectReference: {fileID: 0}
    - target: {fileID: 2303394579267036199, guid: b4562fd92881cf045842035f52d17782,
        type: 3}
      propertyPath: m_LocalEulerAnglesHint.x
      value: 0
      objectReference: {fileID: 0}
    - target: {fileID: 2303394579267036199, guid: b4562fd92881cf045842035f52d17782,
        type: 3}
      propertyPath: m_LocalEulerAnglesHint.y
      value: 0
      objectReference: {fileID: 0}
    - target: {fileID: 2303394579267036199, guid: b4562fd92881cf045842035f52d17782,
        type: 3}
      propertyPath: m_LocalEulerAnglesHint.z
      value: 0
      objectReference: {fileID: 0}
    m_RemovedComponents: []
  m_SourcePrefab: {fileID: 100100000, guid: b4562fd92881cf045842035f52d17782, type: 3}
--- !u!4 &4490476797059176903 stripped
Transform:
  m_CorrespondingSourceObject: {fileID: 2303394579267036199, guid: b4562fd92881cf045842035f52d17782,
    type: 3}
  m_PrefabInstance: {fileID: 2424675960383946208}
  m_PrefabAsset: {fileID: 0}
--- !u!1001 &3436997679652952646
PrefabInstance:
  m_ObjectHideFlags: 0
  serializedVersion: 2
  m_Modification:
    m_TransformParent: {fileID: 7396435183008449823}
    m_Modifications:
    - target: {fileID: 1494242378997169821, guid: b4562fd92881cf045842035f52d17782,
        type: 3}
      propertyPath: m_Name
      value: Brick (33)
      objectReference: {fileID: 0}
    - target: {fileID: 2303394579267036199, guid: b4562fd92881cf045842035f52d17782,
        type: 3}
      propertyPath: m_LocalPosition.x
      value: 2.5
      objectReference: {fileID: 0}
    - target: {fileID: 2303394579267036199, guid: b4562fd92881cf045842035f52d17782,
        type: 3}
      propertyPath: m_LocalPosition.y
      value: 2.5
      objectReference: {fileID: 0}
    - target: {fileID: 2303394579267036199, guid: b4562fd92881cf045842035f52d17782,
        type: 3}
      propertyPath: m_LocalPosition.z
      value: 0
      objectReference: {fileID: 0}
    - target: {fileID: 2303394579267036199, guid: b4562fd92881cf045842035f52d17782,
        type: 3}
      propertyPath: m_LocalRotation.x
      value: -0
      objectReference: {fileID: 0}
    - target: {fileID: 2303394579267036199, guid: b4562fd92881cf045842035f52d17782,
        type: 3}
      propertyPath: m_LocalRotation.y
      value: -0
      objectReference: {fileID: 0}
    - target: {fileID: 2303394579267036199, guid: b4562fd92881cf045842035f52d17782,
        type: 3}
      propertyPath: m_LocalRotation.z
      value: -0
      objectReference: {fileID: 0}
    - target: {fileID: 2303394579267036199, guid: b4562fd92881cf045842035f52d17782,
        type: 3}
      propertyPath: m_LocalRotation.w
      value: 1
      objectReference: {fileID: 0}
    - target: {fileID: 2303394579267036199, guid: b4562fd92881cf045842035f52d17782,
        type: 3}
      propertyPath: m_RootOrder
      value: 23
      objectReference: {fileID: 0}
    - target: {fileID: 2303394579267036199, guid: b4562fd92881cf045842035f52d17782,
        type: 3}
      propertyPath: m_LocalEulerAnglesHint.x
      value: 0
      objectReference: {fileID: 0}
    - target: {fileID: 2303394579267036199, guid: b4562fd92881cf045842035f52d17782,
        type: 3}
      propertyPath: m_LocalEulerAnglesHint.y
      value: 0
      objectReference: {fileID: 0}
    - target: {fileID: 2303394579267036199, guid: b4562fd92881cf045842035f52d17782,
        type: 3}
      propertyPath: m_LocalEulerAnglesHint.z
      value: 0
      objectReference: {fileID: 0}
    m_RemovedComponents: []
  m_SourcePrefab: {fileID: 100100000, guid: b4562fd92881cf045842035f52d17782, type: 3}
--- !u!4 &3478439207222640225 stripped
Transform:
  m_CorrespondingSourceObject: {fileID: 2303394579267036199, guid: b4562fd92881cf045842035f52d17782,
    type: 3}
  m_PrefabInstance: {fileID: 3436997679652952646}
  m_PrefabAsset: {fileID: 0}
--- !u!1001 &4863691747752848190
PrefabInstance:
  m_ObjectHideFlags: 0
  serializedVersion: 2
  m_Modification:
    m_TransformParent: {fileID: 7396435183008449823}
    m_Modifications:
    - target: {fileID: 1494242378997169821, guid: b4562fd92881cf045842035f52d17782,
        type: 3}
      propertyPath: m_Name
      value: Brick (34)
      objectReference: {fileID: 0}
    - target: {fileID: 2303394579267036199, guid: b4562fd92881cf045842035f52d17782,
        type: 3}
      propertyPath: m_LocalPosition.x
      value: 1.25
      objectReference: {fileID: 0}
    - target: {fileID: 2303394579267036199, guid: b4562fd92881cf045842035f52d17782,
        type: 3}
      propertyPath: m_LocalPosition.y
      value: 3.5
      objectReference: {fileID: 0}
    - target: {fileID: 2303394579267036199, guid: b4562fd92881cf045842035f52d17782,
        type: 3}
      propertyPath: m_LocalPosition.z
      value: 0
      objectReference: {fileID: 0}
    - target: {fileID: 2303394579267036199, guid: b4562fd92881cf045842035f52d17782,
        type: 3}
      propertyPath: m_LocalRotation.x
      value: -0
      objectReference: {fileID: 0}
    - target: {fileID: 2303394579267036199, guid: b4562fd92881cf045842035f52d17782,
        type: 3}
      propertyPath: m_LocalRotation.y
      value: -0
      objectReference: {fileID: 0}
    - target: {fileID: 2303394579267036199, guid: b4562fd92881cf045842035f52d17782,
        type: 3}
      propertyPath: m_LocalRotation.z
      value: -0
      objectReference: {fileID: 0}
    - target: {fileID: 2303394579267036199, guid: b4562fd92881cf045842035f52d17782,
        type: 3}
      propertyPath: m_LocalRotation.w
      value: 1
      objectReference: {fileID: 0}
    - target: {fileID: 2303394579267036199, guid: b4562fd92881cf045842035f52d17782,
        type: 3}
      propertyPath: m_RootOrder
      value: 14
      objectReference: {fileID: 0}
    - target: {fileID: 2303394579267036199, guid: b4562fd92881cf045842035f52d17782,
        type: 3}
      propertyPath: m_LocalEulerAnglesHint.x
      value: 0
      objectReference: {fileID: 0}
    - target: {fileID: 2303394579267036199, guid: b4562fd92881cf045842035f52d17782,
        type: 3}
      propertyPath: m_LocalEulerAnglesHint.y
      value: 0
      objectReference: {fileID: 0}
    - target: {fileID: 2303394579267036199, guid: b4562fd92881cf045842035f52d17782,
        type: 3}
      propertyPath: m_LocalEulerAnglesHint.z
      value: 0
      objectReference: {fileID: 0}
    m_RemovedComponents: []
  m_SourcePrefab: {fileID: 100100000, guid: b4562fd92881cf045842035f52d17782, type: 3}
--- !u!4 &6667580117298646809 stripped
Transform:
  m_CorrespondingSourceObject: {fileID: 2303394579267036199, guid: b4562fd92881cf045842035f52d17782,
    type: 3}
  m_PrefabInstance: {fileID: 4863691747752848190}
  m_PrefabAsset: {fileID: 0}
--- !u!1001 &6260131711656092630
PrefabInstance:
  m_ObjectHideFlags: 0
  serializedVersion: 2
  m_Modification:
    m_TransformParent: {fileID: 7396435183008449823}
    m_Modifications:
    - target: {fileID: 1494242378997169821, guid: b4562fd92881cf045842035f52d17782,
        type: 3}
      propertyPath: m_Name
      value: Brick (22)
      objectReference: {fileID: 0}
    - target: {fileID: 2303394579267036199, guid: b4562fd92881cf045842035f52d17782,
        type: 3}
      propertyPath: m_LocalPosition.x
      value: -1
      objectReference: {fileID: 0}
    - target: {fileID: 2303394579267036199, guid: b4562fd92881cf045842035f52d17782,
        type: 3}
      propertyPath: m_LocalPosition.y
      value: 0.5
      objectReference: {fileID: 0}
    - target: {fileID: 2303394579267036199, guid: b4562fd92881cf045842035f52d17782,
        type: 3}
      propertyPath: m_LocalPosition.z
      value: 0
      objectReference: {fileID: 0}
    - target: {fileID: 2303394579267036199, guid: b4562fd92881cf045842035f52d17782,
        type: 3}
      propertyPath: m_LocalRotation.x
      value: -0
      objectReference: {fileID: 0}
    - target: {fileID: 2303394579267036199, guid: b4562fd92881cf045842035f52d17782,
        type: 3}
      propertyPath: m_LocalRotation.y
      value: -0
      objectReference: {fileID: 0}
    - target: {fileID: 2303394579267036199, guid: b4562fd92881cf045842035f52d17782,
        type: 3}
      propertyPath: m_LocalRotation.z
      value: -0
      objectReference: {fileID: 0}
    - target: {fileID: 2303394579267036199, guid: b4562fd92881cf045842035f52d17782,
        type: 3}
      propertyPath: m_LocalRotation.w
      value: 1
      objectReference: {fileID: 0}
    - target: {fileID: 2303394579267036199, guid: b4562fd92881cf045842035f52d17782,
        type: 3}
      propertyPath: m_RootOrder
      value: 17
      objectReference: {fileID: 0}
    - target: {fileID: 2303394579267036199, guid: b4562fd92881cf045842035f52d17782,
        type: 3}
      propertyPath: m_LocalEulerAnglesHint.x
      value: 0
      objectReference: {fileID: 0}
    - target: {fileID: 2303394579267036199, guid: b4562fd92881cf045842035f52d17782,
        type: 3}
      propertyPath: m_LocalEulerAnglesHint.y
      value: 0
      objectReference: {fileID: 0}
    - target: {fileID: 2303394579267036199, guid: b4562fd92881cf045842035f52d17782,
        type: 3}
      propertyPath: m_LocalEulerAnglesHint.z
      value: 0
      objectReference: {fileID: 0}
    m_RemovedComponents: []
  m_SourcePrefab: {fileID: 100100000, guid: b4562fd92881cf045842035f52d17782, type: 3}
--- !u!4 &5266741741782747121 stripped
Transform:
  m_CorrespondingSourceObject: {fileID: 2303394579267036199, guid: b4562fd92881cf045842035f52d17782,
    type: 3}
  m_PrefabInstance: {fileID: 6260131711656092630}
  m_PrefabAsset: {fileID: 0}
--- !u!1001 &7001610337598304699
PrefabInstance:
  m_ObjectHideFlags: 0
  serializedVersion: 2
  m_Modification:
    m_TransformParent: {fileID: 7396435183008449823}
    m_Modifications:
    - target: {fileID: 1494242378997169821, guid: b4562fd92881cf045842035f52d17782,
        type: 3}
      propertyPath: m_Name
      value: Brick (35)
      objectReference: {fileID: 0}
    - target: {fileID: 2303394579267036199, guid: b4562fd92881cf045842035f52d17782,
        type: 3}
      propertyPath: m_LocalPosition.x
      value: -0.5
      objectReference: {fileID: 0}
    - target: {fileID: 2303394579267036199, guid: b4562fd92881cf045842035f52d17782,
        type: 3}
      propertyPath: m_LocalPosition.y
      value: 4
      objectReference: {fileID: 0}
    - target: {fileID: 2303394579267036199, guid: b4562fd92881cf045842035f52d17782,
        type: 3}
      propertyPath: m_LocalPosition.z
      value: 0
      objectReference: {fileID: 0}
    - target: {fileID: 2303394579267036199, guid: b4562fd92881cf045842035f52d17782,
        type: 3}
      propertyPath: m_LocalRotation.x
      value: -0
      objectReference: {fileID: 0}
    - target: {fileID: 2303394579267036199, guid: b4562fd92881cf045842035f52d17782,
        type: 3}
      propertyPath: m_LocalRotation.y
      value: -0
      objectReference: {fileID: 0}
    - target: {fileID: 2303394579267036199, guid: b4562fd92881cf045842035f52d17782,
        type: 3}
      propertyPath: m_LocalRotation.z
      value: -0
      objectReference: {fileID: 0}
    - target: {fileID: 2303394579267036199, guid: b4562fd92881cf045842035f52d17782,
        type: 3}
      propertyPath: m_LocalRotation.w
      value: 1
      objectReference: {fileID: 0}
    - target: {fileID: 2303394579267036199, guid: b4562fd92881cf045842035f52d17782,
        type: 3}
      propertyPath: m_RootOrder
      value: 18
      objectReference: {fileID: 0}
    - target: {fileID: 2303394579267036199, guid: b4562fd92881cf045842035f52d17782,
        type: 3}
      propertyPath: m_LocalEulerAnglesHint.x
      value: 0
      objectReference: {fileID: 0}
    - target: {fileID: 2303394579267036199, guid: b4562fd92881cf045842035f52d17782,
        type: 3}
      propertyPath: m_LocalEulerAnglesHint.y
      value: 0
      objectReference: {fileID: 0}
    - target: {fileID: 2303394579267036199, guid: b4562fd92881cf045842035f52d17782,
        type: 3}
      propertyPath: m_LocalEulerAnglesHint.z
      value: 0
      objectReference: {fileID: 0}
    m_RemovedComponents: []
  m_SourcePrefab: {fileID: 100100000, guid: b4562fd92881cf045842035f52d17782, type: 3}
--- !u!4 &9141738435256145308 stripped
Transform:
  m_CorrespondingSourceObject: {fileID: 2303394579267036199, guid: b4562fd92881cf045842035f52d17782,
    type: 3}
  m_PrefabInstance: {fileID: 7001610337598304699}
  m_PrefabAsset: {fileID: 0}
--- !u!1001 &7001610337679559434
PrefabInstance:
  m_ObjectHideFlags: 0
  serializedVersion: 2
  m_Modification:
    m_TransformParent: {fileID: 7396435183008449823}
    m_Modifications:
    - target: {fileID: 1494242378997169821, guid: b4562fd92881cf045842035f52d17782,
        type: 3}
      propertyPath: m_Name
      value: Brick (30)
      objectReference: {fileID: 0}
    - target: {fileID: 2303394579267036199, guid: b4562fd92881cf045842035f52d17782,
        type: 3}
      propertyPath: m_LocalPosition.x
      value: -2
      objectReference: {fileID: 0}
    - target: {fileID: 2303394579267036199, guid: b4562fd92881cf045842035f52d17782,
        type: 3}
      propertyPath: m_LocalPosition.y
      value: 1.5
      objectReference: {fileID: 0}
    - target: {fileID: 2303394579267036199, guid: b4562fd92881cf045842035f52d17782,
        type: 3}
      propertyPath: m_LocalPosition.z
      value: 0
      objectReference: {fileID: 0}
    - target: {fileID: 2303394579267036199, guid: b4562fd92881cf045842035f52d17782,
        type: 3}
      propertyPath: m_LocalRotation.x
      value: -0
      objectReference: {fileID: 0}
    - target: {fileID: 2303394579267036199, guid: b4562fd92881cf045842035f52d17782,
        type: 3}
      propertyPath: m_LocalRotation.y
      value: -0
      objectReference: {fileID: 0}
    - target: {fileID: 2303394579267036199, guid: b4562fd92881cf045842035f52d17782,
        type: 3}
      propertyPath: m_LocalRotation.z
      value: -0
      objectReference: {fileID: 0}
    - target: {fileID: 2303394579267036199, guid: b4562fd92881cf045842035f52d17782,
        type: 3}
      propertyPath: m_LocalRotation.w
      value: 1
      objectReference: {fileID: 0}
    - target: {fileID: 2303394579267036199, guid: b4562fd92881cf045842035f52d17782,
        type: 3}
      propertyPath: m_RootOrder
      value: 16
      objectReference: {fileID: 0}
    - target: {fileID: 2303394579267036199, guid: b4562fd92881cf045842035f52d17782,
        type: 3}
      propertyPath: m_LocalEulerAnglesHint.x
      value: 0
      objectReference: {fileID: 0}
    - target: {fileID: 2303394579267036199, guid: b4562fd92881cf045842035f52d17782,
        type: 3}
      propertyPath: m_LocalEulerAnglesHint.y
      value: 0
      objectReference: {fileID: 0}
    - target: {fileID: 2303394579267036199, guid: b4562fd92881cf045842035f52d17782,
        type: 3}
      propertyPath: m_LocalEulerAnglesHint.z
      value: 0
      objectReference: {fileID: 0}
    m_RemovedComponents: []
  m_SourcePrefab: {fileID: 100100000, guid: b4562fd92881cf045842035f52d17782, type: 3}
--- !u!4 &9141738435068981037 stripped
Transform:
  m_CorrespondingSourceObject: {fileID: 2303394579267036199, guid: b4562fd92881cf045842035f52d17782,
    type: 3}
  m_PrefabInstance: {fileID: 7001610337679559434}
  m_PrefabAsset: {fileID: 0}
--- !u!1001 &7001610339119282063
PrefabInstance:
  m_ObjectHideFlags: 0
  serializedVersion: 2
  m_Modification:
    m_TransformParent: {fileID: 7396435183008449823}
    m_Modifications:
    - target: {fileID: 1494242378997169821, guid: b4562fd92881cf045842035f52d17782,
        type: 3}
      propertyPath: m_Name
      value: Brick (36)
      objectReference: {fileID: 0}
    - target: {fileID: 2303394579267036199, guid: b4562fd92881cf045842035f52d17782,
        type: 3}
      propertyPath: m_LocalPosition.x
      value: 0.5
      objectReference: {fileID: 0}
    - target: {fileID: 2303394579267036199, guid: b4562fd92881cf045842035f52d17782,
        type: 3}
      propertyPath: m_LocalPosition.y
      value: 4
      objectReference: {fileID: 0}
    - target: {fileID: 2303394579267036199, guid: b4562fd92881cf045842035f52d17782,
        type: 3}
      propertyPath: m_LocalPosition.z
      value: 0
      objectReference: {fileID: 0}
    - target: {fileID: 2303394579267036199, guid: b4562fd92881cf045842035f52d17782,
        type: 3}
      propertyPath: m_LocalRotation.x
      value: -0
      objectReference: {fileID: 0}
    - target: {fileID: 2303394579267036199, guid: b4562fd92881cf045842035f52d17782,
        type: 3}
      propertyPath: m_LocalRotation.y
      value: -0
      objectReference: {fileID: 0}
    - target: {fileID: 2303394579267036199, guid: b4562fd92881cf045842035f52d17782,
        type: 3}
      propertyPath: m_LocalRotation.z
      value: -0
      objectReference: {fileID: 0}
    - target: {fileID: 2303394579267036199, guid: b4562fd92881cf045842035f52d17782,
        type: 3}
      propertyPath: m_LocalRotation.w
      value: 1
      objectReference: {fileID: 0}
    - target: {fileID: 2303394579267036199, guid: b4562fd92881cf045842035f52d17782,
        type: 3}
      propertyPath: m_RootOrder
      value: 20
      objectReference: {fileID: 0}
    - target: {fileID: 2303394579267036199, guid: b4562fd92881cf045842035f52d17782,
        type: 3}
      propertyPath: m_LocalEulerAnglesHint.x
      value: 0
      objectReference: {fileID: 0}
    - target: {fileID: 2303394579267036199, guid: b4562fd92881cf045842035f52d17782,
        type: 3}
      propertyPath: m_LocalEulerAnglesHint.y
      value: 0
      objectReference: {fileID: 0}
    - target: {fileID: 2303394579267036199, guid: b4562fd92881cf045842035f52d17782,
        type: 3}
      propertyPath: m_LocalEulerAnglesHint.z
      value: 0
      objectReference: {fileID: 0}
    m_RemovedComponents: []
  m_SourcePrefab: {fileID: 100100000, guid: b4562fd92881cf045842035f52d17782, type: 3}
--- !u!4 &9141738433732776872 stripped
Transform:
  m_CorrespondingSourceObject: {fileID: 2303394579267036199, guid: b4562fd92881cf045842035f52d17782,
    type: 3}
  m_PrefabInstance: {fileID: 7001610339119282063}
  m_PrefabAsset: {fileID: 0}
--- !u!1001 &7001610339454348928
PrefabInstance:
  m_ObjectHideFlags: 0
  serializedVersion: 2
  m_Modification:
    m_TransformParent: {fileID: 7396435183008449823}
    m_Modifications:
    - target: {fileID: 1494242378997169821, guid: b4562fd92881cf045842035f52d17782,
        type: 3}
      propertyPath: m_Name
      value: Brick (37)
      objectReference: {fileID: 0}
    - target: {fileID: 2303394579267036199, guid: b4562fd92881cf045842035f52d17782,
        type: 3}
      propertyPath: m_LocalPosition.x
      value: 2
      objectReference: {fileID: 0}
    - target: {fileID: 2303394579267036199, guid: b4562fd92881cf045842035f52d17782,
        type: 3}
      propertyPath: m_LocalPosition.y
      value: 3
      objectReference: {fileID: 0}
    - target: {fileID: 2303394579267036199, guid: b4562fd92881cf045842035f52d17782,
        type: 3}
      propertyPath: m_LocalPosition.z
      value: 0
      objectReference: {fileID: 0}
    - target: {fileID: 2303394579267036199, guid: b4562fd92881cf045842035f52d17782,
        type: 3}
      propertyPath: m_LocalRotation.x
      value: -0
      objectReference: {fileID: 0}
    - target: {fileID: 2303394579267036199, guid: b4562fd92881cf045842035f52d17782,
        type: 3}
      propertyPath: m_LocalRotation.y
      value: -0
      objectReference: {fileID: 0}
    - target: {fileID: 2303394579267036199, guid: b4562fd92881cf045842035f52d17782,
        type: 3}
      propertyPath: m_LocalRotation.z
      value: -0
      objectReference: {fileID: 0}
    - target: {fileID: 2303394579267036199, guid: b4562fd92881cf045842035f52d17782,
        type: 3}
      propertyPath: m_LocalRotation.w
      value: 1
      objectReference: {fileID: 0}
    - target: {fileID: 2303394579267036199, guid: b4562fd92881cf045842035f52d17782,
        type: 3}
      propertyPath: m_RootOrder
      value: 21
      objectReference: {fileID: 0}
    - target: {fileID: 2303394579267036199, guid: b4562fd92881cf045842035f52d17782,
        type: 3}
      propertyPath: m_LocalEulerAnglesHint.x
      value: 0
      objectReference: {fileID: 0}
    - target: {fileID: 2303394579267036199, guid: b4562fd92881cf045842035f52d17782,
        type: 3}
      propertyPath: m_LocalEulerAnglesHint.y
      value: 0
      objectReference: {fileID: 0}
    - target: {fileID: 2303394579267036199, guid: b4562fd92881cf045842035f52d17782,
        type: 3}
      propertyPath: m_LocalEulerAnglesHint.z
      value: 0
      objectReference: {fileID: 0}
    m_RemovedComponents: []
  m_SourcePrefab: {fileID: 100100000, guid: b4562fd92881cf045842035f52d17782, type: 3}
--- !u!4 &9141738433262471847 stripped
Transform:
  m_CorrespondingSourceObject: {fileID: 2303394579267036199, guid: b4562fd92881cf045842035f52d17782,
    type: 3}
  m_PrefabInstance: {fileID: 7001610339454348928}
  m_PrefabAsset: {fileID: 0}
--- !u!1001 &7471282513496862712
PrefabInstance:
  m_ObjectHideFlags: 0
  serializedVersion: 2
  m_Modification:
    m_TransformParent: {fileID: 7396435183008449823}
    m_Modifications:
    - target: {fileID: 1494242378997169821, guid: b4562fd92881cf045842035f52d17782,
        type: 3}
      propertyPath: m_Name
      value: Brick
      objectReference: {fileID: 0}
    - target: {fileID: 2303394579267036199, guid: b4562fd92881cf045842035f52d17782,
        type: 3}
      propertyPath: m_LocalPosition.x
      value: 1
      objectReference: {fileID: 0}
    - target: {fileID: 2303394579267036199, guid: b4562fd92881cf045842035f52d17782,
        type: 3}
      propertyPath: m_LocalPosition.y
      value: 0.5
      objectReference: {fileID: 0}
    - target: {fileID: 2303394579267036199, guid: b4562fd92881cf045842035f52d17782,
        type: 3}
      propertyPath: m_LocalPosition.z
      value: 0
      objectReference: {fileID: 0}
    - target: {fileID: 2303394579267036199, guid: b4562fd92881cf045842035f52d17782,
        type: 3}
      propertyPath: m_LocalRotation.x
      value: -0
      objectReference: {fileID: 0}
    - target: {fileID: 2303394579267036199, guid: b4562fd92881cf045842035f52d17782,
        type: 3}
      propertyPath: m_LocalRotation.y
      value: -0
      objectReference: {fileID: 0}
    - target: {fileID: 2303394579267036199, guid: b4562fd92881cf045842035f52d17782,
        type: 3}
      propertyPath: m_LocalRotation.z
      value: -0
      objectReference: {fileID: 0}
    - target: {fileID: 2303394579267036199, guid: b4562fd92881cf045842035f52d17782,
        type: 3}
      propertyPath: m_LocalRotation.w
      value: 1
      objectReference: {fileID: 0}
    - target: {fileID: 2303394579267036199, guid: b4562fd92881cf045842035f52d17782,
        type: 3}
      propertyPath: m_RootOrder
      value: 0
      objectReference: {fileID: 0}
    - target: {fileID: 2303394579267036199, guid: b4562fd92881cf045842035f52d17782,
        type: 3}
      propertyPath: m_LocalEulerAnglesHint.x
      value: 0
      objectReference: {fileID: 0}
    - target: {fileID: 2303394579267036199, guid: b4562fd92881cf045842035f52d17782,
        type: 3}
      propertyPath: m_LocalEulerAnglesHint.y
      value: 0
      objectReference: {fileID: 0}
    - target: {fileID: 2303394579267036199, guid: b4562fd92881cf045842035f52d17782,
        type: 3}
      propertyPath: m_LocalEulerAnglesHint.z
      value: 0
      objectReference: {fileID: 0}
    m_RemovedComponents: []
  m_SourcePrefab: {fileID: 100100000, guid: b4562fd92881cf045842035f52d17782, type: 3}
--- !u!4 &8671715128495098847 stripped
Transform:
  m_CorrespondingSourceObject: {fileID: 2303394579267036199, guid: b4562fd92881cf045842035f52d17782,
    type: 3}
  m_PrefabInstance: {fileID: 7471282513496862712}
  m_PrefabAsset: {fileID: 0}
--- !u!1001 &9210608405565673073
PrefabInstance:
  m_ObjectHideFlags: 0
  serializedVersion: 2
  m_Modification:
    m_TransformParent: {fileID: 7396435183008449823}
    m_Modifications:
    - target: {fileID: 1494242378997169821, guid: b4562fd92881cf045842035f52d17782,
        type: 3}
      propertyPath: m_Name
      value: Brick (8)
      objectReference: {fileID: 0}
    - target: {fileID: 2303394579267036199, guid: b4562fd92881cf045842035f52d17782,
        type: 3}
      propertyPath: m_LocalPosition.x
      value: -0.5
      objectReference: {fileID: 0}
    - target: {fileID: 2303394579267036199, guid: b4562fd92881cf045842035f52d17782,
        type: 3}
      propertyPath: m_LocalPosition.y
      value: -0.5
      objectReference: {fileID: 0}
    - target: {fileID: 2303394579267036199, guid: b4562fd92881cf045842035f52d17782,
        type: 3}
      propertyPath: m_LocalPosition.z
      value: 0
      objectReference: {fileID: 0}
    - target: {fileID: 2303394579267036199, guid: b4562fd92881cf045842035f52d17782,
        type: 3}
      propertyPath: m_LocalRotation.x
      value: -0
      objectReference: {fileID: 0}
    - target: {fileID: 2303394579267036199, guid: b4562fd92881cf045842035f52d17782,
        type: 3}
      propertyPath: m_LocalRotation.y
      value: -0
      objectReference: {fileID: 0}
    - target: {fileID: 2303394579267036199, guid: b4562fd92881cf045842035f52d17782,
        type: 3}
      propertyPath: m_LocalRotation.z
      value: -0
      objectReference: {fileID: 0}
    - target: {fileID: 2303394579267036199, guid: b4562fd92881cf045842035f52d17782,
        type: 3}
      propertyPath: m_LocalRotation.w
      value: 1
      objectReference: {fileID: 0}
    - target: {fileID: 2303394579267036199, guid: b4562fd92881cf045842035f52d17782,
        type: 3}
      propertyPath: m_RootOrder
      value: 3
      objectReference: {fileID: 0}
    - target: {fileID: 2303394579267036199, guid: b4562fd92881cf045842035f52d17782,
        type: 3}
      propertyPath: m_LocalEulerAnglesHint.x
      value: 0
      objectReference: {fileID: 0}
    - target: {fileID: 2303394579267036199, guid: b4562fd92881cf045842035f52d17782,
        type: 3}
      propertyPath: m_LocalEulerAnglesHint.y
      value: 0
      objectReference: {fileID: 0}
    - target: {fileID: 2303394579267036199, guid: b4562fd92881cf045842035f52d17782,
        type: 3}
      propertyPath: m_LocalEulerAnglesHint.z
      value: 0
      objectReference: {fileID: 0}
    m_RemovedComponents: []
  m_SourcePrefab: {fileID: 100100000, guid: b4562fd92881cf045842035f52d17782, type: 3}
--- !u!4 &6928201583154801238 stripped
Transform:
  m_CorrespondingSourceObject: {fileID: 2303394579267036199, guid: b4562fd92881cf045842035f52d17782,
    type: 3}
  m_PrefabInstance: {fileID: 9210608405565673073}
  m_PrefabAsset: {fileID: 0}
--- !u!1001 &9210608405900862503
PrefabInstance:
  m_ObjectHideFlags: 0
  serializedVersion: 2
  m_Modification:
    m_TransformParent: {fileID: 7396435183008449823}
    m_Modifications:
    - target: {fileID: 1494242378997169821, guid: b4562fd92881cf045842035f52d17782,
        type: 3}
      propertyPath: m_Name
      value: Brick (1)
      objectReference: {fileID: 0}
    - target: {fileID: 2303394579267036199, guid: b4562fd92881cf045842035f52d17782,
        type: 3}
      propertyPath: m_LocalPosition.x
      value: 2
      objectReference: {fileID: 0}
    - target: {fileID: 2303394579267036199, guid: b4562fd92881cf045842035f52d17782,
        type: 3}
      propertyPath: m_LocalPosition.y
      value: 0.5
      objectReference: {fileID: 0}
    - target: {fileID: 2303394579267036199, guid: b4562fd92881cf045842035f52d17782,
        type: 3}
      propertyPath: m_LocalPosition.z
      value: 0
      objectReference: {fileID: 0}
    - target: {fileID: 2303394579267036199, guid: b4562fd92881cf045842035f52d17782,
        type: 3}
      propertyPath: m_LocalRotation.x
      value: -0
      objectReference: {fileID: 0}
    - target: {fileID: 2303394579267036199, guid: b4562fd92881cf045842035f52d17782,
        type: 3}
      propertyPath: m_LocalRotation.y
      value: -0
      objectReference: {fileID: 0}
    - target: {fileID: 2303394579267036199, guid: b4562fd92881cf045842035f52d17782,
        type: 3}
      propertyPath: m_LocalRotation.z
      value: -0
      objectReference: {fileID: 0}
    - target: {fileID: 2303394579267036199, guid: b4562fd92881cf045842035f52d17782,
        type: 3}
      propertyPath: m_LocalRotation.w
      value: 1
      objectReference: {fileID: 0}
    - target: {fileID: 2303394579267036199, guid: b4562fd92881cf045842035f52d17782,
        type: 3}
      propertyPath: m_RootOrder
      value: 1
      objectReference: {fileID: 0}
    - target: {fileID: 2303394579267036199, guid: b4562fd92881cf045842035f52d17782,
        type: 3}
      propertyPath: m_LocalEulerAnglesHint.x
      value: 0
      objectReference: {fileID: 0}
    - target: {fileID: 2303394579267036199, guid: b4562fd92881cf045842035f52d17782,
        type: 3}
      propertyPath: m_LocalEulerAnglesHint.y
      value: 0
      objectReference: {fileID: 0}
    - target: {fileID: 2303394579267036199, guid: b4562fd92881cf045842035f52d17782,
        type: 3}
      propertyPath: m_LocalEulerAnglesHint.z
      value: 0
      objectReference: {fileID: 0}
    m_RemovedComponents: []
  m_SourcePrefab: {fileID: 100100000, guid: b4562fd92881cf045842035f52d17782, type: 3}
--- !u!4 &6928201582953037824 stripped
Transform:
  m_CorrespondingSourceObject: {fileID: 2303394579267036199, guid: b4562fd92881cf045842035f52d17782,
    type: 3}
  m_PrefabInstance: {fileID: 9210608405900862503}
  m_PrefabAsset: {fileID: 0}
--- !u!1001 &9210608405903167945
PrefabInstance:
  m_ObjectHideFlags: 0
  serializedVersion: 2
  m_Modification:
    m_TransformParent: {fileID: 7396435183008449823}
    m_Modifications:
    - target: {fileID: 1494242378997169821, guid: b4562fd92881cf045842035f52d17782,
        type: 3}
      propertyPath: m_Name
      value: Brick (13)
      objectReference: {fileID: 0}
    - target: {fileID: 2303394579267036199, guid: b4562fd92881cf045842035f52d17782,
        type: 3}
      propertyPath: m_LocalPosition.x
      value: -2.5
      objectReference: {fileID: 0}
    - target: {fileID: 2303394579267036199, guid: b4562fd92881cf045842035f52d17782,
        type: 3}
      propertyPath: m_LocalPosition.y
      value: 2
      objectReference: {fileID: 0}
    - target: {fileID: 2303394579267036199, guid: b4562fd92881cf045842035f52d17782,
        type: 3}
      propertyPath: m_LocalPosition.z
      value: 0
      objectReference: {fileID: 0}
    - target: {fileID: 2303394579267036199, guid: b4562fd92881cf045842035f52d17782,
        type: 3}
      propertyPath: m_LocalRotation.x
      value: -0
      objectReference: {fileID: 0}
    - target: {fileID: 2303394579267036199, guid: b4562fd92881cf045842035f52d17782,
        type: 3}
      propertyPath: m_LocalRotation.y
      value: -0
      objectReference: {fileID: 0}
    - target: {fileID: 2303394579267036199, guid: b4562fd92881cf045842035f52d17782,
        type: 3}
      propertyPath: m_LocalRotation.z
      value: -0
      objectReference: {fileID: 0}
    - target: {fileID: 2303394579267036199, guid: b4562fd92881cf045842035f52d17782,
        type: 3}
      propertyPath: m_LocalRotation.w
      value: 1
      objectReference: {fileID: 0}
    - target: {fileID: 2303394579267036199, guid: b4562fd92881cf045842035f52d17782,
        type: 3}
      propertyPath: m_RootOrder
      value: 7
      objectReference: {fileID: 0}
    - target: {fileID: 2303394579267036199, guid: b4562fd92881cf045842035f52d17782,
        type: 3}
      propertyPath: m_LocalEulerAnglesHint.x
      value: 0
      objectReference: {fileID: 0}
    - target: {fileID: 2303394579267036199, guid: b4562fd92881cf045842035f52d17782,
        type: 3}
      propertyPath: m_LocalEulerAnglesHint.y
      value: 0
      objectReference: {fileID: 0}
    - target: {fileID: 2303394579267036199, guid: b4562fd92881cf045842035f52d17782,
        type: 3}
      propertyPath: m_LocalEulerAnglesHint.z
      value: 0
      objectReference: {fileID: 0}
    m_RemovedComponents: []
  m_SourcePrefab: {fileID: 100100000, guid: b4562fd92881cf045842035f52d17782, type: 3}
--- !u!4 &6928201582979872238 stripped
Transform:
  m_CorrespondingSourceObject: {fileID: 2303394579267036199, guid: b4562fd92881cf045842035f52d17782,
    type: 3}
  m_PrefabInstance: {fileID: 9210608405903167945}
  m_PrefabAsset: {fileID: 0}
--- !u!1001 &9210608405926772373
PrefabInstance:
  m_ObjectHideFlags: 0
  serializedVersion: 2
  m_Modification:
    m_TransformParent: {fileID: 7396435183008449823}
    m_Modifications:
    - target: {fileID: 1494242378997169821, guid: b4562fd92881cf045842035f52d17782,
        type: 3}
      propertyPath: m_Name
      value: Brick (14)
      objectReference: {fileID: 0}
    - target: {fileID: 2303394579267036199, guid: b4562fd92881cf045842035f52d17782,
        type: 3}
      propertyPath: m_LocalPosition.x
      value: -2
      objectReference: {fileID: 0}
    - target: {fileID: 2303394579267036199, guid: b4562fd92881cf045842035f52d17782,
        type: 3}
      propertyPath: m_LocalPosition.y
      value: 0.5
      objectReference: {fileID: 0}
    - target: {fileID: 2303394579267036199, guid: b4562fd92881cf045842035f52d17782,
        type: 3}
      propertyPath: m_LocalPosition.z
      value: 0
      objectReference: {fileID: 0}
    - target: {fileID: 2303394579267036199, guid: b4562fd92881cf045842035f52d17782,
        type: 3}
      propertyPath: m_LocalRotation.x
      value: -0
      objectReference: {fileID: 0}
    - target: {fileID: 2303394579267036199, guid: b4562fd92881cf045842035f52d17782,
        type: 3}
      propertyPath: m_LocalRotation.y
      value: -0
      objectReference: {fileID: 0}
    - target: {fileID: 2303394579267036199, guid: b4562fd92881cf045842035f52d17782,
        type: 3}
      propertyPath: m_LocalRotation.z
      value: -0
      objectReference: {fileID: 0}
    - target: {fileID: 2303394579267036199, guid: b4562fd92881cf045842035f52d17782,
        type: 3}
      propertyPath: m_LocalRotation.w
      value: 1
      objectReference: {fileID: 0}
    - target: {fileID: 2303394579267036199, guid: b4562fd92881cf045842035f52d17782,
        type: 3}
      propertyPath: m_RootOrder
      value: 8
      objectReference: {fileID: 0}
    - target: {fileID: 2303394579267036199, guid: b4562fd92881cf045842035f52d17782,
        type: 3}
      propertyPath: m_LocalEulerAnglesHint.x
      value: 0
      objectReference: {fileID: 0}
    - target: {fileID: 2303394579267036199, guid: b4562fd92881cf045842035f52d17782,
        type: 3}
      propertyPath: m_LocalEulerAnglesHint.y
      value: 0
      objectReference: {fileID: 0}
    - target: {fileID: 2303394579267036199, guid: b4562fd92881cf045842035f52d17782,
        type: 3}
      propertyPath: m_LocalEulerAnglesHint.z
      value: 0
      objectReference: {fileID: 0}
    m_RemovedComponents: []
  m_SourcePrefab: {fileID: 100100000, guid: b4562fd92881cf045842035f52d17782, type: 3}
--- !u!4 &6928201582793743026 stripped
Transform:
  m_CorrespondingSourceObject: {fileID: 2303394579267036199, guid: b4562fd92881cf045842035f52d17782,
    type: 3}
  m_PrefabInstance: {fileID: 9210608405926772373}
  m_PrefabAsset: {fileID: 0}
--- !u!1001 &9210608406320721439
PrefabInstance:
  m_ObjectHideFlags: 0
  serializedVersion: 2
  m_Modification:
    m_TransformParent: {fileID: 7396435183008449823}
    m_Modifications:
    - target: {fileID: 1494242378997169821, guid: b4562fd92881cf045842035f52d17782,
        type: 3}
      propertyPath: m_Name
      value: Brick (18)
      objectReference: {fileID: 0}
    - target: {fileID: 2303394579267036199, guid: b4562fd92881cf045842035f52d17782,
        type: 3}
      propertyPath: m_LocalPosition.x
      value: 2.5
      objectReference: {fileID: 0}
    - target: {fileID: 2303394579267036199, guid: b4562fd92881cf045842035f52d17782,
        type: 3}
      propertyPath: m_LocalPosition.y
      value: -0.5
      objectReference: {fileID: 0}
    - target: {fileID: 2303394579267036199, guid: b4562fd92881cf045842035f52d17782,
        type: 3}
      propertyPath: m_LocalPosition.z
      value: 0
      objectReference: {fileID: 0}
    - target: {fileID: 2303394579267036199, guid: b4562fd92881cf045842035f52d17782,
        type: 3}
      propertyPath: m_LocalRotation.x
      value: -0
      objectReference: {fileID: 0}
    - target: {fileID: 2303394579267036199, guid: b4562fd92881cf045842035f52d17782,
        type: 3}
      propertyPath: m_LocalRotation.y
      value: -0
      objectReference: {fileID: 0}
    - target: {fileID: 2303394579267036199, guid: b4562fd92881cf045842035f52d17782,
        type: 3}
      propertyPath: m_LocalRotation.z
      value: -0
      objectReference: {fileID: 0}
    - target: {fileID: 2303394579267036199, guid: b4562fd92881cf045842035f52d17782,
        type: 3}
      propertyPath: m_LocalRotation.w
      value: 1
      objectReference: {fileID: 0}
    - target: {fileID: 2303394579267036199, guid: b4562fd92881cf045842035f52d17782,
        type: 3}
      propertyPath: m_RootOrder
      value: 13
      objectReference: {fileID: 0}
    - target: {fileID: 2303394579267036199, guid: b4562fd92881cf045842035f52d17782,
        type: 3}
      propertyPath: m_LocalEulerAnglesHint.x
      value: 0
      objectReference: {fileID: 0}
    - target: {fileID: 2303394579267036199, guid: b4562fd92881cf045842035f52d17782,
        type: 3}
      propertyPath: m_LocalEulerAnglesHint.y
      value: 0
      objectReference: {fileID: 0}
    - target: {fileID: 2303394579267036199, guid: b4562fd92881cf045842035f52d17782,
        type: 3}
      propertyPath: m_LocalEulerAnglesHint.z
      value: 0
      objectReference: {fileID: 0}
    m_RemovedComponents: []
  m_SourcePrefab: {fileID: 100100000, guid: b4562fd92881cf045842035f52d17782, type: 3}
--- !u!4 &6928201582567524920 stripped
Transform:
  m_CorrespondingSourceObject: {fileID: 2303394579267036199, guid: b4562fd92881cf045842035f52d17782,
    type: 3}
  m_PrefabInstance: {fileID: 9210608406320721439}
  m_PrefabAsset: {fileID: 0}
--- !u!1001 &9210608406458690511
PrefabInstance:
  m_ObjectHideFlags: 0
  serializedVersion: 2
  m_Modification:
    m_TransformParent: {fileID: 7396435183008449823}
    m_Modifications:
    - target: {fileID: 1494242378997169821, guid: b4562fd92881cf045842035f52d17782,
        type: 3}
      propertyPath: m_Name
      value: Brick (12)
      objectReference: {fileID: 0}
    - target: {fileID: 2303394579267036199, guid: b4562fd92881cf045842035f52d17782,
        type: 3}
      propertyPath: m_LocalPosition.x
      value: -1.25
      objectReference: {fileID: 0}
    - target: {fileID: 2303394579267036199, guid: b4562fd92881cf045842035f52d17782,
        type: 3}
      propertyPath: m_LocalPosition.y
      value: 1
      objectReference: {fileID: 0}
    - target: {fileID: 2303394579267036199, guid: b4562fd92881cf045842035f52d17782,
        type: 3}
      propertyPath: m_LocalPosition.z
      value: 0
      objectReference: {fileID: 0}
    - target: {fileID: 2303394579267036199, guid: b4562fd92881cf045842035f52d17782,
        type: 3}
      propertyPath: m_LocalRotation.x
      value: -0
      objectReference: {fileID: 0}
    - target: {fileID: 2303394579267036199, guid: b4562fd92881cf045842035f52d17782,
        type: 3}
      propertyPath: m_LocalRotation.y
      value: -0
      objectReference: {fileID: 0}
    - target: {fileID: 2303394579267036199, guid: b4562fd92881cf045842035f52d17782,
        type: 3}
      propertyPath: m_LocalRotation.z
      value: -0
      objectReference: {fileID: 0}
    - target: {fileID: 2303394579267036199, guid: b4562fd92881cf045842035f52d17782,
        type: 3}
      propertyPath: m_LocalRotation.w
      value: 1
      objectReference: {fileID: 0}
    - target: {fileID: 2303394579267036199, guid: b4562fd92881cf045842035f52d17782,
        type: 3}
      propertyPath: m_RootOrder
      value: 5
      objectReference: {fileID: 0}
    - target: {fileID: 2303394579267036199, guid: b4562fd92881cf045842035f52d17782,
        type: 3}
      propertyPath: m_LocalEulerAnglesHint.x
      value: 0
      objectReference: {fileID: 0}
    - target: {fileID: 2303394579267036199, guid: b4562fd92881cf045842035f52d17782,
        type: 3}
      propertyPath: m_LocalEulerAnglesHint.y
      value: 0
      objectReference: {fileID: 0}
    - target: {fileID: 2303394579267036199, guid: b4562fd92881cf045842035f52d17782,
        type: 3}
      propertyPath: m_LocalEulerAnglesHint.z
      value: 0
      objectReference: {fileID: 0}
    m_RemovedComponents: []
  m_SourcePrefab: {fileID: 100100000, guid: b4562fd92881cf045842035f52d17782, type: 3}
--- !u!4 &6928201582261030888 stripped
Transform:
  m_CorrespondingSourceObject: {fileID: 2303394579267036199, guid: b4562fd92881cf045842035f52d17782,
    type: 3}
  m_PrefabInstance: {fileID: 9210608406458690511}
  m_PrefabAsset: {fileID: 0}
--- !u!1001 &9210608406625541395
PrefabInstance:
  m_ObjectHideFlags: 0
  serializedVersion: 2
  m_Modification:
    m_TransformParent: {fileID: 7396435183008449823}
    m_Modifications:
    - target: {fileID: 1494242378997169821, guid: b4562fd92881cf045842035f52d17782,
        type: 3}
      propertyPath: m_Name
      value: Brick (4)
      objectReference: {fileID: 0}
    - target: {fileID: 2303394579267036199, guid: b4562fd92881cf045842035f52d17782,
        type: 3}
      propertyPath: m_LocalPosition.x
      value: 1.5
      objectReference: {fileID: 0}
    - target: {fileID: 2303394579267036199, guid: b4562fd92881cf045842035f52d17782,
        type: 3}
      propertyPath: m_LocalPosition.y
      value: -0.5
      objectReference: {fileID: 0}
    - target: {fileID: 2303394579267036199, guid: b4562fd92881cf045842035f52d17782,
        type: 3}
      propertyPath: m_LocalPosition.z
      value: 0
      objectReference: {fileID: 0}
    - target: {fileID: 2303394579267036199, guid: b4562fd92881cf045842035f52d17782,
        type: 3}
      propertyPath: m_LocalRotation.x
      value: -0
      objectReference: {fileID: 0}
    - target: {fileID: 2303394579267036199, guid: b4562fd92881cf045842035f52d17782,
        type: 3}
      propertyPath: m_LocalRotation.y
      value: -0
      objectReference: {fileID: 0}
    - target: {fileID: 2303394579267036199, guid: b4562fd92881cf045842035f52d17782,
        type: 3}
      propertyPath: m_LocalRotation.z
      value: -0
      objectReference: {fileID: 0}
    - target: {fileID: 2303394579267036199, guid: b4562fd92881cf045842035f52d17782,
        type: 3}
      propertyPath: m_LocalRotation.w
      value: 1
      objectReference: {fileID: 0}
    - target: {fileID: 2303394579267036199, guid: b4562fd92881cf045842035f52d17782,
        type: 3}
      propertyPath: m_RootOrder
      value: 11
      objectReference: {fileID: 0}
    - target: {fileID: 2303394579267036199, guid: b4562fd92881cf045842035f52d17782,
        type: 3}
      propertyPath: m_LocalEulerAnglesHint.x
      value: 0
      objectReference: {fileID: 0}
    - target: {fileID: 2303394579267036199, guid: b4562fd92881cf045842035f52d17782,
        type: 3}
      propertyPath: m_LocalEulerAnglesHint.y
      value: 0
      objectReference: {fileID: 0}
    - target: {fileID: 2303394579267036199, guid: b4562fd92881cf045842035f52d17782,
        type: 3}
      propertyPath: m_LocalEulerAnglesHint.z
      value: 0
      objectReference: {fileID: 0}
    m_RemovedComponents: []
  m_SourcePrefab: {fileID: 100100000, guid: b4562fd92881cf045842035f52d17782, type: 3}
--- !u!4 &6928201582091827508 stripped
Transform:
  m_CorrespondingSourceObject: {fileID: 2303394579267036199, guid: b4562fd92881cf045842035f52d17782,
    type: 3}
  m_PrefabInstance: {fileID: 9210608406625541395}
  m_PrefabAsset: {fileID: 0}
--- !u!1001 &9210608406658255385
PrefabInstance:
  m_ObjectHideFlags: 0
  serializedVersion: 2
  m_Modification:
    m_TransformParent: {fileID: 7396435183008449823}
    m_Modifications:
    - target: {fileID: 1494242378997169821, guid: b4562fd92881cf045842035f52d17782,
        type: 3}
      propertyPath: m_Name
      value: Brick (7)
      objectReference: {fileID: 0}
    - target: {fileID: 2303394579267036199, guid: b4562fd92881cf045842035f52d17782,
        type: 3}
      propertyPath: m_LocalPosition.x
      value: -1.5
      objectReference: {fileID: 0}
    - target: {fileID: 2303394579267036199, guid: b4562fd92881cf045842035f52d17782,
        type: 3}
      propertyPath: m_LocalPosition.y
      value: -0.5
      objectReference: {fileID: 0}
    - target: {fileID: 2303394579267036199, guid: b4562fd92881cf045842035f52d17782,
        type: 3}
      propertyPath: m_LocalPosition.z
      value: 0
      objectReference: {fileID: 0}
    - target: {fileID: 2303394579267036199, guid: b4562fd92881cf045842035f52d17782,
        type: 3}
      propertyPath: m_LocalRotation.x
      value: -0
      objectReference: {fileID: 0}
    - target: {fileID: 2303394579267036199, guid: b4562fd92881cf045842035f52d17782,
        type: 3}
      propertyPath: m_LocalRotation.y
      value: -0
      objectReference: {fileID: 0}
    - target: {fileID: 2303394579267036199, guid: b4562fd92881cf045842035f52d17782,
        type: 3}
      propertyPath: m_LocalRotation.z
      value: -0
      objectReference: {fileID: 0}
    - target: {fileID: 2303394579267036199, guid: b4562fd92881cf045842035f52d17782,
        type: 3}
      propertyPath: m_LocalRotation.w
      value: 1
      objectReference: {fileID: 0}
    - target: {fileID: 2303394579267036199, guid: b4562fd92881cf045842035f52d17782,
        type: 3}
      propertyPath: m_RootOrder
      value: 2
      objectReference: {fileID: 0}
    - target: {fileID: 2303394579267036199, guid: b4562fd92881cf045842035f52d17782,
        type: 3}
      propertyPath: m_LocalEulerAnglesHint.x
      value: 0
      objectReference: {fileID: 0}
    - target: {fileID: 2303394579267036199, guid: b4562fd92881cf045842035f52d17782,
        type: 3}
      propertyPath: m_LocalEulerAnglesHint.y
      value: 0
      objectReference: {fileID: 0}
    - target: {fileID: 2303394579267036199, guid: b4562fd92881cf045842035f52d17782,
        type: 3}
      propertyPath: m_LocalEulerAnglesHint.z
      value: 0
      objectReference: {fileID: 0}
    m_RemovedComponents: []
  m_SourcePrefab: {fileID: 100100000, guid: b4562fd92881cf045842035f52d17782, type: 3}
--- !u!4 &6928201582191455806 stripped
Transform:
  m_CorrespondingSourceObject: {fileID: 2303394579267036199, guid: b4562fd92881cf045842035f52d17782,
    type: 3}
  m_PrefabInstance: {fileID: 9210608406658255385}
  m_PrefabAsset: {fileID: 0}
--- !u!1001 &9210608406837976826
PrefabInstance:
  m_ObjectHideFlags: 0
  serializedVersion: 2
  m_Modification:
    m_TransformParent: {fileID: 7396435183008449823}
    m_Modifications:
    - target: {fileID: 1494242378997169821, guid: b4562fd92881cf045842035f52d17782,
        type: 3}
      propertyPath: m_Name
      value: Brick (16)
      objectReference: {fileID: 0}
    - target: {fileID: 2303394579267036199, guid: b4562fd92881cf045842035f52d17782,
        type: 3}
      propertyPath: m_LocalPosition.x
      value: -1.25
      objectReference: {fileID: 0}
    - target: {fileID: 2303394579267036199, guid: b4562fd92881cf045842035f52d17782,
        type: 3}
      propertyPath: m_LocalPosition.y
      value: 3.5
      objectReference: {fileID: 0}
    - target: {fileID: 2303394579267036199, guid: b4562fd92881cf045842035f52d17782,
        type: 3}
      propertyPath: m_LocalPosition.z
      value: 0
      objectReference: {fileID: 0}
    - target: {fileID: 2303394579267036199, guid: b4562fd92881cf045842035f52d17782,
        type: 3}
      propertyPath: m_LocalRotation.x
      value: -0
      objectReference: {fileID: 0}
    - target: {fileID: 2303394579267036199, guid: b4562fd92881cf045842035f52d17782,
        type: 3}
      propertyPath: m_LocalRotation.y
      value: -0
      objectReference: {fileID: 0}
    - target: {fileID: 2303394579267036199, guid: b4562fd92881cf045842035f52d17782,
        type: 3}
      propertyPath: m_LocalRotation.z
      value: -0
      objectReference: {fileID: 0}
    - target: {fileID: 2303394579267036199, guid: b4562fd92881cf045842035f52d17782,
        type: 3}
      propertyPath: m_LocalRotation.w
      value: 1
      objectReference: {fileID: 0}
    - target: {fileID: 2303394579267036199, guid: b4562fd92881cf045842035f52d17782,
        type: 3}
      propertyPath: m_RootOrder
      value: 6
      objectReference: {fileID: 0}
    - target: {fileID: 2303394579267036199, guid: b4562fd92881cf045842035f52d17782,
        type: 3}
      propertyPath: m_LocalEulerAnglesHint.x
      value: 0
      objectReference: {fileID: 0}
    - target: {fileID: 2303394579267036199, guid: b4562fd92881cf045842035f52d17782,
        type: 3}
      propertyPath: m_LocalEulerAnglesHint.y
      value: 0
      objectReference: {fileID: 0}
    - target: {fileID: 2303394579267036199, guid: b4562fd92881cf045842035f52d17782,
        type: 3}
      propertyPath: m_LocalEulerAnglesHint.z
      value: 0
      objectReference: {fileID: 0}
    m_RemovedComponents: []
  m_SourcePrefab: {fileID: 100100000, guid: b4562fd92881cf045842035f52d17782, type: 3}
--- !u!4 &6928201582010464989 stripped
Transform:
  m_CorrespondingSourceObject: {fileID: 2303394579267036199, guid: b4562fd92881cf045842035f52d17782,
    type: 3}
  m_PrefabInstance: {fileID: 9210608406837976826}
  m_PrefabAsset: {fileID: 0}
--- !u!1001 &9210608406888928598
PrefabInstance:
  m_ObjectHideFlags: 0
  serializedVersion: 2
  m_Modification:
    m_TransformParent: {fileID: 7396435183008449823}
    m_Modifications:
    - target: {fileID: 1494242378997169821, guid: b4562fd92881cf045842035f52d17782,
        type: 3}
      propertyPath: m_Name
      value: Brick (15)
      objectReference: {fileID: 0}
    - target: {fileID: 2303394579267036199, guid: b4562fd92881cf045842035f52d17782,
        type: 3}
      propertyPath: m_LocalPosition.x
      value: 0.5
      objectReference: {fileID: 0}
    - target: {fileID: 2303394579267036199, guid: b4562fd92881cf045842035f52d17782,
        type: 3}
      propertyPath: m_LocalPosition.y
      value: -0.5
      objectReference: {fileID: 0}
    - target: {fileID: 2303394579267036199, guid: b4562fd92881cf045842035f52d17782,
        type: 3}
      propertyPath: m_LocalPosition.z
      value: 0
      objectReference: {fileID: 0}
    - target: {fileID: 2303394579267036199, guid: b4562fd92881cf045842035f52d17782,
        type: 3}
      propertyPath: m_LocalRotation.x
      value: -0
      objectReference: {fileID: 0}
    - target: {fileID: 2303394579267036199, guid: b4562fd92881cf045842035f52d17782,
        type: 3}
      propertyPath: m_LocalRotation.y
      value: -0
      objectReference: {fileID: 0}
    - target: {fileID: 2303394579267036199, guid: b4562fd92881cf045842035f52d17782,
        type: 3}
      propertyPath: m_LocalRotation.z
      value: -0
      objectReference: {fileID: 0}
    - target: {fileID: 2303394579267036199, guid: b4562fd92881cf045842035f52d17782,
        type: 3}
      propertyPath: m_LocalRotation.w
      value: 1
      objectReference: {fileID: 0}
    - target: {fileID: 2303394579267036199, guid: b4562fd92881cf045842035f52d17782,
        type: 3}
      propertyPath: m_RootOrder
      value: 12
      objectReference: {fileID: 0}
    - target: {fileID: 2303394579267036199, guid: b4562fd92881cf045842035f52d17782,
        type: 3}
      propertyPath: m_LocalEulerAnglesHint.x
      value: 0
      objectReference: {fileID: 0}
    - target: {fileID: 2303394579267036199, guid: b4562fd92881cf045842035f52d17782,
        type: 3}
      propertyPath: m_LocalEulerAnglesHint.y
      value: 0
      objectReference: {fileID: 0}
    - target: {fileID: 2303394579267036199, guid: b4562fd92881cf045842035f52d17782,
        type: 3}
      propertyPath: m_LocalEulerAnglesHint.z
      value: 0
      objectReference: {fileID: 0}
    m_RemovedComponents: []
  m_SourcePrefab: {fileID: 100100000, guid: b4562fd92881cf045842035f52d17782, type: 3}
--- !u!4 &6928201581860155761 stripped
Transform:
  m_CorrespondingSourceObject: {fileID: 2303394579267036199, guid: b4562fd92881cf045842035f52d17782,
    type: 3}
  m_PrefabInstance: {fileID: 9210608406888928598}
  m_PrefabAsset: {fileID: 0}
--- !u!1001 &9210608407203592149
PrefabInstance:
  m_ObjectHideFlags: 0
  serializedVersion: 2
  m_Modification:
    m_TransformParent: {fileID: 7396435183008449823}
    m_Modifications:
    - target: {fileID: 1494242378997169821, guid: b4562fd92881cf045842035f52d17782,
        type: 3}
      propertyPath: m_Name
      value: Brick (11)
      objectReference: {fileID: 0}
    - target: {fileID: 2303394579267036199, guid: b4562fd92881cf045842035f52d17782,
        type: 3}
      propertyPath: m_LocalPosition.x
      value: -2.5
      objectReference: {fileID: 0}
    - target: {fileID: 2303394579267036199, guid: b4562fd92881cf045842035f52d17782,
        type: 3}
      propertyPath: m_LocalPosition.y
      value: -0.5
      objectReference: {fileID: 0}
    - target: {fileID: 2303394579267036199, guid: b4562fd92881cf045842035f52d17782,
        type: 3}
      propertyPath: m_LocalPosition.z
      value: 0
      objectReference: {fileID: 0}
    - target: {fileID: 2303394579267036199, guid: b4562fd92881cf045842035f52d17782,
        type: 3}
      propertyPath: m_LocalRotation.x
      value: -0
      objectReference: {fileID: 0}
    - target: {fileID: 2303394579267036199, guid: b4562fd92881cf045842035f52d17782,
        type: 3}
      propertyPath: m_LocalRotation.y
      value: -0
      objectReference: {fileID: 0}
    - target: {fileID: 2303394579267036199, guid: b4562fd92881cf045842035f52d17782,
        type: 3}
      propertyPath: m_LocalRotation.z
      value: -0
      objectReference: {fileID: 0}
    - target: {fileID: 2303394579267036199, guid: b4562fd92881cf045842035f52d17782,
        type: 3}
      propertyPath: m_LocalRotation.w
      value: 1
      objectReference: {fileID: 0}
    - target: {fileID: 2303394579267036199, guid: b4562fd92881cf045842035f52d17782,
        type: 3}
      propertyPath: m_RootOrder
      value: 4
      objectReference: {fileID: 0}
    - target: {fileID: 2303394579267036199, guid: b4562fd92881cf045842035f52d17782,
        type: 3}
      propertyPath: m_LocalEulerAnglesHint.x
      value: 0
      objectReference: {fileID: 0}
    - target: {fileID: 2303394579267036199, guid: b4562fd92881cf045842035f52d17782,
        type: 3}
      propertyPath: m_LocalEulerAnglesHint.y
      value: 0
      objectReference: {fileID: 0}
    - target: {fileID: 2303394579267036199, guid: b4562fd92881cf045842035f52d17782,
        type: 3}
      propertyPath: m_LocalEulerAnglesHint.z
      value: 0
      objectReference: {fileID: 0}
    m_RemovedComponents: []
  m_SourcePrefab: {fileID: 100100000, guid: b4562fd92881cf045842035f52d17782, type: 3}
--- !u!4 &6928201581646910450 stripped
Transform:
  m_CorrespondingSourceObject: {fileID: 2303394579267036199, guid: b4562fd92881cf045842035f52d17782,
    type: 3}
  m_PrefabInstance: {fileID: 9210608407203592149}
  m_PrefabAsset: {fileID: 0}
--- !u!1001 &9210608407328687858
PrefabInstance:
  m_ObjectHideFlags: 0
  serializedVersion: 2
  m_Modification:
    m_TransformParent: {fileID: 7396435183008449823}
    m_Modifications:
    - target: {fileID: 1494242378997169821, guid: b4562fd92881cf045842035f52d17782,
        type: 3}
      propertyPath: m_Name
      value: Brick (17)
      objectReference: {fileID: 0}
    - target: {fileID: 2303394579267036199, guid: b4562fd92881cf045842035f52d17782,
        type: 3}
      propertyPath: m_LocalPosition.x
      value: -2.5
      objectReference: {fileID: 0}
    - target: {fileID: 2303394579267036199, guid: b4562fd92881cf045842035f52d17782,
        type: 3}
      propertyPath: m_LocalPosition.y
      value: 2.5
      objectReference: {fileID: 0}
    - target: {fileID: 2303394579267036199, guid: b4562fd92881cf045842035f52d17782,
        type: 3}
      propertyPath: m_LocalPosition.z
      value: 0
      objectReference: {fileID: 0}
    - target: {fileID: 2303394579267036199, guid: b4562fd92881cf045842035f52d17782,
        type: 3}
      propertyPath: m_LocalRotation.x
      value: -0
      objectReference: {fileID: 0}
    - target: {fileID: 2303394579267036199, guid: b4562fd92881cf045842035f52d17782,
        type: 3}
      propertyPath: m_LocalRotation.y
      value: -0
      objectReference: {fileID: 0}
    - target: {fileID: 2303394579267036199, guid: b4562fd92881cf045842035f52d17782,
        type: 3}
      propertyPath: m_LocalRotation.z
      value: -0
      objectReference: {fileID: 0}
    - target: {fileID: 2303394579267036199, guid: b4562fd92881cf045842035f52d17782,
        type: 3}
      propertyPath: m_LocalRotation.w
      value: 1
      objectReference: {fileID: 0}
    - target: {fileID: 2303394579267036199, guid: b4562fd92881cf045842035f52d17782,
        type: 3}
      propertyPath: m_RootOrder
      value: 9
      objectReference: {fileID: 0}
    - target: {fileID: 2303394579267036199, guid: b4562fd92881cf045842035f52d17782,
        type: 3}
      propertyPath: m_LocalEulerAnglesHint.x
      value: 0
      objectReference: {fileID: 0}
    - target: {fileID: 2303394579267036199, guid: b4562fd92881cf045842035f52d17782,
        type: 3}
      propertyPath: m_LocalEulerAnglesHint.y
      value: 0
      objectReference: {fileID: 0}
    - target: {fileID: 2303394579267036199, guid: b4562fd92881cf045842035f52d17782,
        type: 3}
      propertyPath: m_LocalEulerAnglesHint.z
      value: 0
      objectReference: {fileID: 0}
    m_RemovedComponents: []
  m_SourcePrefab: {fileID: 100100000, guid: b4562fd92881cf045842035f52d17782, type: 3}
--- !u!4 &6928201581519708885 stripped
Transform:
  m_CorrespondingSourceObject: {fileID: 2303394579267036199, guid: b4562fd92881cf045842035f52d17782,
    type: 3}
  m_PrefabInstance: {fileID: 9210608407328687858}
  m_PrefabAsset: {fileID: 0}
